2812 4710
602 257 814 325 -94-
1190 257 1218 318 V

272 426 455 494 Ἰωνικόν
476 434 534 494 XI.
578 433 773 494 Accusativus
801 453 856 509 pro
879 432 1018 508 genetivo
1041 459 1084 482 =
1104 432 1217 491 Arist:

193 540 242 598 Fr.
258 562 285 618 p.
304 544 353 598 20.
399 539 491 600 schol.
510 537 542 594 Ω
559 542 615 596 58:
633 527 762 614 γυναῖκά
779 554 809 593 τε
826 529 942 611 θήσατο
960 529 1051 610 μαζόν
1066 563 1108 585 --
1122 536 1218 596 Arist.

192 643 229 701 cf.
261 641 341 700 infra
370 662 400 719 p.
423 646 471 700 99.
518 641 546 697 Ε
576 643 655 698 461:
692 639 796 716 Τρῶας
827 631 859 696 δὲ
890 637 988 714 στίχας
1011 625 1099 707 οὖλος
1122 630 1218 714 ’Ἇρης

193 736 306 821 ώτρννε
321 736 482 818 μετελθών.
516 734 620 824 Τρφάς
636 741 781 801 editiones
796 747 865 800 ante
881 742 1094 814 Aristarchum,
1115 742 1219 818 Τρῶας

192 848 313 922 vulgata
343 851 373 905 et
402 847 588 906 Ptolemaeus
619 845 774 918 malon„
806 853 873 904 utra
901 844 991 903 lectio
1022 843 1219 919 praeferenda

193 950 249 1022 sit,
278 949 311 1006 in
340 950 429 1008 dubio
452 948 595 1028 relinquit
616 949 760 1006 Nicanor:
794 944 821 1004 εἰ
841 942 873 1006 δέ
896 939 1040 1025 γράφεται
1063 943 1217 1025 ί,Τρώας”

193 1045 270 1132 (οὐχ)
296 1042 499 1122 ἀποστικτέον,
521 1041 566 1107 ἵν’
591 1036 609 1132 ᾖ
631 1048 782 1130 “Tpake’'
806 1043 871 1106 ἀντὶ
895 1050 947 1108 τοῦ
975 1041 1095 1126 Τρώων.
1140 1049 1171 1106 Τ.

275 1147 453 1214 Ἀττικόν
475 1153 547 1212 ΧΠ.
592 1153 801 1212 Nominativus
823 1173 876 1228 pro
899 1152 1093 1227 genetivo:
1109 1152 1218 1210 Arist:

193 1257 242 1317 Fr.
266 1276 294 1332 p.
321 1259 368 1315 19.
392 1256 482 1316 schol.
507 1277 527 1330 μ
551 1258 607 1315 73:
629 1253 661 1314 οἱ
682 1250 713 1313 δὲ
735 1248 790 1314 δάο
814 1248 960 1327 σκόπελοι,
984 1248 1001 1312 δ
1025 1247 1217 1328 μὲν...-

279 1361 315 1418 ad
342 1359 376 1415 H
395 1360 474 1418 317:
499 1356 686 1437 Νεστορίδαι,
710 1351 727 1417 δ
749 1353 802 1433 μὲν
824 1350 929 1416 οάτασ’
951 1350 1108 1432 Ἀτύμνιον

279 1463 371 1522 schol.
394 1464 438 1521 A:
468 1454 544 1539 πρδς
575 1454 607 1519 τδ
630 1462 737 1537 σχήμα,
769 1454 812 1520 ὅτι
843 1452 909 1520 ἀντί
933 1461 985 1518 τοῦ
1008 1456 1219 1540 ΙΝεστοριδών

149 1613 151 1618 .
195 1556 212 1623 ὅ
228 1559 280 1640 μὲν
295 1557 457 1642 Ἀντίλοχος
473 1558 596 1623 οὔτασεν
610 1556 776 1640 Ἀτύμνιον,
794 1555 811 1623 δ
826 1558 857 1622 δὲ
875 1556 1075 1642 Θρασυμήδης
1088 1556 1218 1640 Μάριν’.

280 1669 317 1726 ad
340 1669 369 1724 Γ
386 1672 467 1727 211:
492 1660 583 1743 ἀμφω
606 1665 623 1724 δ
631 1659 638 1683 '
661 1663 795 1743 ἑζομένω,
819 1658 1018 1745 γεραρώτερος
1041 1652 1218 1741 ήενὊδυσ-

195 1763 263 1840 σεάς
281 1770 427 1829 schol.A:
451 1763 495 1829 ὅτι
522 1764 691 1846 Ζηνόδοτος
714 1762 768 1828 σδν
784 1770 824 1850 τῷ
848 1790 863 1827 ν
886 1763 994 1847 γράφει
1017 1763 1217 1848 ίίὲζομένωνῖ

194 1867 226 1930 ιδ
257 1868 289 1930 δὲ
320 1864 412 1947 ἀμφω
439 1866 494 1932 δύο
518 1867 642 1942 πτώσεις
664 1870 735 1949 ἔχει·
770 1865 937 1951 ἀμφότεροι
970 1865 988 1946 ἢ
1018 1864 1217 1949 ἀμφοτέρους.

195 1971 245 2033 καί
277 1976 332 2033 νῦν
361 1971 438 2052 λέγει
469 1970 650 2056 Ιἀμφιίτεροι
682 1971 713 2034 δὲ
744 1968 927 2051 καθήμενοι’
958 1967 1027 2033 κατ’
1060 1967 1220 2051 ἐναλλαγήν

197 2071 336 2146 πτώσεως
359 2069 425 2136 ἀντί
448 2080 501 2137 τοῦ
523 2075 705 2154 καθημένων
728 2073 759 2136 δέ
781 2071 968 2155 ἀμφοτέρων.
992 2073 1043 2135 καὶ
1066 2074 1124 2135 ἔστι
1148 2070 1218 2133 σύν-

194 2185 285 2256 ηθες,
310 2171 351 2250 ώς
366 2173 417 2239 ἐπ’
434 2179 547 2240 ἐκείνου
563 2174 644 2261 umiv
667 2175 699 2239 δὲ
721 2174 771 2239 δύ’
799 2177 968 2260 έργομένω”
991 2179 1035 2256 (K
1057 2179 1142 2257 224),
1166 2177 1221 2260 “oi

195 2278 227 2341 δὲ
249 2275 305 2342 δύο
321 2276 468 2355 σκόπελοι,
493 2276 600 2359 δμὲν”
616 2285 649 2360 (μ
666 2285 719 2362 73)
742 2277 808 2342 ἀντὶ
829 2284 882 2343 τοῦ
905 2285 964 2341 τών
987 2280 1041 2342 δύο
1055 2278 1217 2341 σκοπέλων.

195 2387 287 2446 schol.
311 2408 320 2444 ι
345 2391 405 2445 462
429 2421 470 2430 —

278 2481 331 2547 Ἰώ
341 2510 357 2545 ν
367 2511 413 2548 ων
428 2490 519 2553 ΧΙΙΙ.
550 2491 712 2550 Genetivus
727 2510 781 2566 pro
797 2489 979 2548 nominativo
995 2488 1160 2565 participii:
1176 2522 1218 2530 -—

283 2591 495 2662 Χαλκιδεῖς
518 2594 602 2654 XIV.
647 2593 843 2653 Acousativus
865 2613 919 2668 pro
941 2592 1124 2676 nominativo
1149 2593 1218 2650 sub·

195 2695 315 2754 stantivi
338 2715 403 2755 cum
426 2695 582 2772 participio
606 2696 772 2755 coniuncti:
797 2729 836 2739 -

276 2791 458 2856 Ἀσιανόν
486 2798 590 2857 ΧΧΧ.
636 2798 828 2858 Accusativus
859 2797 1007 2874 participii
1038 2817 1091 2874 pro
1122 2797 1218 2855 nomi-

195 2900 311 2960 nativo:
334 2936 375 2944 -

275 2997 505 3083 Ἀργολικόν
527 3005 647 3064 ΧΧΧΙ.
692 3004 899 3065 Nominativus
922 3004 1071 3080 participii
1093 3024 1148 3079 pro
1171 3024 1217 3062 οσ-

195 3108 327 3167 cusativo
349 3133 392 3156 =
414 3108 522 3167 Δείσας
546 3108 597 3166 Fr.
620 3128 648 3184 p.
675 3112 721 3168 19.

282 3210 392 3267 Βδὸθε
409 3207 487 3284 φημί
503 3202 559 3287 γάρ
575 3196 632 3268 οὖν
647 3210 821 3268 κατανεῦσαι
836 3201 1001 3286 ὑπερμενέα
1010 3207 1218 3285 Κρονίωνα-

407 3302 587 3388 ἀστράπτων
609 3308 748 3383 ἐπιδέξια.

281 3413 372 3473 schol.
396 3416 422 3472 A
445 3435 474 3474 v.
499 3418 578 3473 353:
614 3407 659 3472 ὅτι
689 3407 895 3490 ἀκαταλλήλως
925 3412 1036 3492 είρηται
1066 3411 1139 3492 (ἔδει
1161 3408 1217 3494 γάρ

196 3517 387 3596 ίκατανεῦσαι
410 3509 649 3593 ἀστράπτοντα’).
672 3551 715 3561 -
737 3514 925 3577 διασταλτέον
947 3512 978 3575 δὲ
1000 3511 1094 3596 βραγά
1119 3514 1161 3586 εἰς
1184 3510 1216 3576 ιδ

195 3611 375 3698 ιίέπιδέξιω.
417 3611 575 3688 ἀσύνδετος
597 3612 651 3697 γάρ
675 3611 693 3678 0‘
714 3612 801 3697 λόγος
822 3619 975 3689 λείποντος
997 3621 1050 3679 τοῦ
1074 3619 1141 3679 καί·
1167 3618 1217 3679 καί

196 3713 373 3796 ἀστράπτων
395 3718 445 3779 καί
469 3720 593 3795 φαίνων.
610 3723 698 3780 =T.
733 3724 806 3782 Post
833 3721 977 3796 φαίνοντα
1001 3725 1083 3784 addit
1104 3726 1145 3783 B:
1177 3717 1218 3793 ώς

195 3820 244 3880 καί
269 3816 438 3902 Εὐριπίδης
460 3820 492 3883 έν
511 3819 684 3900 Παλαμήδει
707 3820 827 3906 ιίΛάιε,
850 3818 941 3885 πάλαι
964 3821 1002 3903 δή
1023 3821 1055 3884 σ’
1078 3823 1217 3905 έξερωτῆ·

197 3940 246 3984 σαι
269 3922 368 3994 θέλων
391 3920 476 4003 σχολή
500 3919 534 4003 μ’
557 3922 699 4006 ἀπεῖργε”
725 3931 772 4002 (fr.
797 3931 857 3989 579
880 3930 939 4007 N.).
