2812 4710
186 264 211 321 V
595 263 806 328 -93-

186 438 290 516 Itaque
313 438 528 497 Lesbonactem
559 438 632 497 locis
654 436 819 496 Pindaricis
848 437 885 495 ab
908 437 1080 497 Herodiano
1103 437 1209 512 allatis,

187 560 260 619 quos
275 540 339 615 ipsc
354 540 511 612 invenerit,
536 541 679 614 consulto,
702 545 735 599 ut
754 540 867 600 fontem
882 540 999 614 celaret,
1022 539 1210 600 substituisse

186 643 257 701 mihi
281 643 457 719 persuadere
486 663 546 702 uon
569 663 696 722 possum.
740 645 787 701 Ex
819 642 877 702 alio
907 642 998 718 igitur
1028 643 1111 703 fonte
1142 662 1209 701 eum

187 745 318 804 hausisse
342 745 489 804 existimo.

270 850 452 923 Indagantes
483 852 644 908 ceterarum
678 848 837 923 figurarum
875 849 972 908 fontes
1012 848 1145 908 ducimur
1174 851 1209 908 ad

189 951 347 1010 Aristonici
371 951 403 1008 in
425 950 588 1009 Homerum
613 951 846 1011 commentarios.
892 951 1013 1010 Collatia
1044 970 1119 1030 quae
1142 953 1210 1011 Ari·

187 1054 320 1114 starohus
342 1054 464 1132 eiusque
487 1058 647 1114 sectatores
677 1055 712 1112 ad
736 1054 899 1113 Homerum
928 1054 1137 1129 explicandum
1166 1065 1211 1115 at·

187 1157 333 1228 tulerunt,
364 1162 498 1215 nostrum
521 1163 669 1216 auctorem
694 1157 724 1215 in
747 1157 897 1236 plerisque
920 1157 1023 1232 figuris
1045 1158 1208 1217 doctrinam

188 1280 204 1318 a
225 1258 409 1318 nobilissimo
432 1260 621 1334 grammatico
638 1260 839 1319 Alexandrino
859 1260 1006 1319 excultam
1022 1262 1139 1320 tradere
1158 1280 1211 1338 ap·

188 1367 277 1440 paret.
323 1361 409 1424 Quod
432 1369 465 1421 nt
487 1367 690 1438 comprobem,
720 1364 756 1421 ad
786 1362 917 1440 singulas
939 1361 1050 1437 figuras
1080 1363 1212 1424 breviter

188 1467 329 1526 indicatas
352 1465 501 1539 adnotavi,
524 1472 622 1525 utrum
640 1465 827 1526 Aristarchus
849 1465 1016 1526 consentiat
1037 1485 1074 1525 an
1094 1467 1212 1526 differat

188 1587 223 1626 an
247 1569 322 1627 nihil
345 1570 380 1627 de
403 1569 466 1627 aius
488 1569 636 1629 sententia
657 1574 758 1627 notum
783 1569 821 1628 sit
836 1568 913 1647 (—),
937 1588 995 1648 qua
1016 1568 1047 1627 in
1071 1589 1103 1629 re
1119 1569 1209 1629 lecto·

189 1690 249 1728 rem
272 1673 308 1729 ad
332 1670 552 1729 Friedlaendcri
571 1669 646 1747 (Fr.)
669 1671 899 1747 disputationem
922 1673 957 1730 de
981 1673 1211 1748 schcmatologia

190 1774 376 1833 Aristarchea
404 1775 578 1853 plerumque
606 1773 677 1833 satie
707 1779 771 1834 erat
798 1775 938 1850 relegare.
991 1776 1150 1834 Praeterea
1186 1775 1209 1834 si

190 1878 258 1955 quid
289 1878 400 1937 scholia
429 1879 464 1936 ad
495 1878 575 1936 locos
598 1878 786 1951 Homericos,
817 1879 925 1957 quibua
947 1878 1105 1937 Lesbonax
1127 1879 1211 1937 sche-

188 1985 265 2039 mata
292 1981 436 2053 illustrat,
467 1979 614 2057 adscripta
645 1980 824 2053 exhibeant,
857 1982 914 2040 hoc
947 1980 1107 2056 adiungere
1138 1980 1210 2040 utile

189 2084 365 2145 existimavi.

272 2188 317 2245 De
339 2186 451 2262 figuris,
475 2205 550 2265 quaa
572 2186 607 2244 ad
631 2206 751 2246 casuum
773 2187 1019 2263 permutationem
1042 2186 1209 2263 pertinent:

277 2283 540 2364 Κολοφώνιον
565 2289 633 2348 VII.
664 2290 791 2349 Dativus
813 2309 866 2365 pro
889 2291 1028 2365 genetivo
1046 2289 1211 2349 =·hrist.:

191 2395 238 2453 Fr.
262 2415 290 2470 p.
315 2399 363 2451 22.
409 2392 499 2452 schol.
525 2393 561 2449 H
580 2397 640 2450 383
663 2425 705 2437 -

276 2499 305 2552 A
328 2503 385 2556 24:
417 2487 481 2553 ἀλλ’
504 2488 559 2554 οὐκ
592 2494 721 2578 Ατρείδγγ
743 2486 937 2574 Ἀγαμέμνονι
971 2488 1078 2572 ἥνδανε
1110 2497 1210 2575 θυμῷ.

275 2600 365 2659 sohol.
389 2603 432 2658 A:
468 2590 514 2657 ὅτι
540 2591 710 2673 Ζηνόδοτος
731 2591 839 2677 γράφει
866 2589 957 2678 uo’rtt'
979 2593 1036 2657 οὐκ
1057 2592 1209 2677 Ἀτρείδεοι

187 2697 441 2782 Ἀγαμέμνονος”.
479 2693 497 2760 δ
519 2697 551 2760 δὲ
579 2695 705 2777 ποιητὴς
736 2696 857 2777 δοτικήν
885 2693 949 2760 ἀντὶ
977 2704 1094 2781 γενικῆς
1116 2724 1211 2782 κοιρα-

190 2798 340 2881 λαμβοὶνει.
385 2805 475 2866 schol.
501 2805 525 2861 P
548 2809 605 2863 123
630 2840 670 2850 -

277 2902 502 2984 Νησιωτικό
510 2928 527 2965 ν
554 2908 610 2967 ΙΧ.
662 2908 823 2969 Genetivus
862 2929 915 2985 pro
947 2909 1046 2970 dativo
1077 2911 1209 2985 pandens

189 3014 226 3071 ab
249 3012 412 3073 adiectivo:
435 3045 477 3055 -

280 3116 363 3173 Τῶν
393 3110 456 3173 ἐπὶ
486 3109 701 3190 τῆςἈσιάς
721 3105 907 3191 Ἑλλήνων
932 3114 971 3174 X.
1016 3114 1211 3176 Accusativus

190 3239 242 3293 pro
266 3219 365 3280 dativo
387 3219 520 3296 pendens
543 3237 560 3276 a
581 3219 671 3277 verbo
697 3245 740 3269 =
761 3218 870 3278 Arist:
894 3218 942 3277 Fr.
965 3236 994 3293 p.
1019 3223 1068 3277 23.

277 3322 313 3377 H
333 3325 408 3380 113:
430 3316 479 3379 xci
504 3314 534 3378 d'
558 3313 687 3397 Ἀχιλεδς
708 3312 816 3379 τοῦτόν
838 3339 869 3398 γε
885 3312 963 3401 μάχῃ
979 3316 1022 3378 ἐνὶ
1038 3319 1209 3404 κυδιανείρῃ

425 3415 521 3503 ἔρριγ’
544 3417 741 3500 ἀντιβολῆσαι.

276 3528 366 3587 schol.
389 3529 435 3586 A:
466 3546 511 3605 γρ.
542 3522 592 3584 καὶ
623 3520 753 3607 ιιτοῦτόν
782 3524 834 3605 γε”
864 3527 960 3605 (οοδδ.
983 3527 1070 3586 Hom.
1093 3519 1210 3606 τούτῳ).

276 3630 470 3690 Accusativus
492 3649 545 3706 pro
569 3630 706 3705 genetivo
729 3655 773 3680 =
795 3630 902 3690 Arist:
926 3631 974 3688 Fr.
997 3650 1026 3706 p.
1051 3632 1098 3687 21.

276 3734 366 3793 schol.
390 3734 419 3789 A
442 3738 502 3790 299
526 3765 567 3777 -

277 3839 306 3892 A
328 3835 406 3896 275:
429 3826 501 3911 μήτε
523 3828 559 3893 ori
582 3827 667 3894 τόνδ’
690 3827 832 3913 ἀποαίρεο
855 3828 977 3912 κούρην.

276 3941 365 4001 schol.
389 3942 433 3998 A:
466 3929 511 3996 δτι
543 3931 693 4016 ἀρχαϊκῶς
714 3931 846 4018 “16de
870 3929 1004 4017 αἰγαιροῦ
1027 3928 1090 4012 οὐχὶ
1115 3934 1210 3993 τοῦδε.
