<?xml version="1.0" encoding="UTF-8"?>
<!DOCTYPE html PUBLIC "-//W3C//DTD XHTML 1.0 Transitional//EN"
    "http://www.w3.org/TR/xhtml1/DTD/xhtml1-transitional.dtd">
<html xmlns="http://www.w3.org/1999/xhtml" xml:lang="en" lang="en">
 <head>
  <title>
</title>
<meta http-equiv="Content-Type" content="text/html;charset=utf-8" />
  <meta name='ocr-system' content='tesseract 3.04.00' />
  <meta name='ocr-capabilities' content='ocr_page ocr_carea ocr_par ocr_line ocrx_word'/>
</head>
<body>
  <div class='ocr_page' id='page_1' title='image "./delesbonactegra00muelgoog_0033.png"; bbox 0 0 2812 4710; ppageno 0'>
   <div class='ocr_carea' id='block_1_1' title="bbox 616 283 1231 353">
    <p class='ocr_par' dir='ltr' id='par_1_1' title="bbox 616 283 1231 353">
     <span class='ocr_line' id='line_1_1' title="bbox 616 283 1231 353; baseline 0.01 -6"><span class='ocrx_word' id='word_1_1' title='bbox 616 283 828 348; x_wconf 77' lang='grc'>-26-</span> <span class='ocrx_word' id='word_1_2' title='bbox 1199 284 1231 353; x_wconf 77' lang='lat' dir='ltr'>Is</span> 
     </span>
    </p>
   </div>
   <div class='ocr_carea' id='block_1_2' title="bbox 207 452 1234 1850">
    <p class='ocr_par' dir='ltr' id='par_1_2' title="bbox 207 452 1234 1850">
     <span class='ocr_line' id='line_1_2' title="bbox 209 452 1233 533; baseline -0.005 -17"><span class='ocrx_word' id='word_1_3' title='bbox 209 461 239 516; x_wconf 93' lang='lat' dir='ltr'>et</span> <span class='ocrx_word' id='word_1_4' title='bbox 269 455 312 515; x_wconf 87' lang='lat' dir='ltr'>its</span> <span class='ocrx_word' id='word_1_5' title='bbox 344 457 549 516; x_wconf 78' lang='lat' dir='ltr'>collocandum</span> <span class='ocrx_word' id='word_1_6' title='bbox 581 452 649 515; x_wconf 86' lang='lat' dir='ltr'>eet”</span> <span class='ocrx_word' id='word_1_7' title='bbox 681 457 756 533; x_wconf 81' lang='lat' dir='ltr'>(cap.</span> <span class='ocrx_word' id='word_1_8' title='bbox 780 457 797 514; x_wconf 94' lang='lat' dir='ltr'>I</span> <span class='ocrx_word' id='word_1_9' title='bbox 821 455 892 514; x_wconf 89' lang='lat' dir='ltr'>edit.</span> <span class='ocrx_word' id='word_1_10' title='bbox 916 455 1086 531; x_wconf 77' lang='lat' dir='ltr'>Hercheri).</span> <span class='ocrx_word' id='word_1_11' title='bbox 1132 453 1233 518; x_wconf 83' lang='lat' dir='ltr'>Quen-</span> 
     </span>
     <span class='ocr_line' id='line_1_3' title="bbox 209 558 1233 640; baseline -0.005 -21"><span class='ocrx_word' id='word_1_12' title='bbox 209 581 297 640; x_wconf 79' lang='lat' dir='ltr'>quem</span> <span class='ocrx_word' id='word_1_13' title='bbox 319 561 393 618; x_wconf 82' lang='lat' dir='ltr'>hece</span> <span class='ocrx_word' id='word_1_14' title='bbox 413 560 450 618; x_wconf 85' lang='lat' dir='ltr'>sd</span> <span class='ocrx_word' id='word_1_15' title='bbox 465 559 626 618; x_wconf 78' lang='lat' dir='ltr'>Arrienum</span> <span class='ocrx_word' id='word_1_16' title='bbox 643 564 779 634; x_wconf 81' lang='lat' dir='ltr'>spectent</span> <span class='ocrx_word' id='word_1_17' title='bbox 799 579 897 638; x_wconf 90' lang='lat' dir='ltr'>neque</span> <span class='ocrx_word' id='word_1_18' title='bbox 919 558 951 616; x_wconf 90' lang='lat' dir='ltr'>iu</span> <span class='ocrx_word' id='word_1_19' title='bbox 975 566 1076 617; x_wconf 88' lang='lat' dir='ltr'>nostro</span> <span class='ocrx_word' id='word_1_20' title='bbox 1099 559 1233 616; x_wconf 76' lang='lat' dir='ltr'>Lauren·</span> 
     </span>
     <span class='ocr_line' id='line_1_4' title="bbox 208 653 1234 742; baseline -0.006 -21"><span class='ocrx_word' id='word_1_21' title='bbox 208 663 300 735; x_wconf 80' lang='lat' dir='ltr'>tiano,</span> <span class='ocrx_word' id='word_1_22' title='bbox 332 662 385 742; x_wconf 92' lang='lat' dir='ltr'>qui</span> <span class='ocrx_word' id='word_1_23' title='bbox 412 662 628 721; x_wconf 83' lang='lat' dir='ltr'>Lesbonuotem</span> <span class='ocrx_word' id='word_1_24' title='bbox 658 658 724 738; x_wconf 77' lang='grc' dir='ltr'>περὶ</span> <span class='ocrx_word' id='word_1_25' title='bbox 752 653 907 736; x_wconf 78' lang='grc' dir='ltr'><em>σχημάτων</em></span> <span class='ocrx_word' id='word_1_26' title='bbox 930 661 1080 731; x_wconf 89' lang='lat' dir='ltr'>eontinet,</span> <span class='ocrx_word' id='word_1_27' title='bbox 1111 657 1234 718; x_wconf 75' lang='lat' dir='ltr'>Arriani</span> 
     </span>
     <span class='ocr_line' id='line_1_5' title="bbox 207 760 1232 843; baseline -0.005 -19"><span class='ocrx_word' id='word_1_28' title='bbox 207 765 315 825; x_wconf 87' lang='lat' dir='ltr'>teotics</span> <span class='ocrx_word' id='word_1_29' title='bbox 344 764 492 839; x_wconf 69' lang='lat' dir='ltr'>insuntll,</span> <span class='ocrx_word' id='word_1_30' title='bbox 523 767 559 823; x_wconf 84' lang='lat' dir='ltr'>eb</span> <span class='ocrx_word' id='word_1_31' title='bbox 590 765 693 823; x_wconf 80' lang='lat' dir='ltr'>eudem</span> <span class='ocrx_word' id='word_1_32' title='bbox 722 770 822 824; x_wconf 82' lang='lat' dir='ltr'>temen</span> <span class='ocrx_word' id='word_1_33' title='bbox 851 784 942 822; x_wconf 84' lang='lat' dir='ltr'>manu</span> <span class='ocrx_word' id='word_1_34' title='bbox 971 783 1030 843; x_wconf 84' lang='lat' dir='ltr'>qus</span> <span class='ocrx_word' id='word_1_35' title='bbox 1058 762 1110 822; x_wconf 92' lang='lat' dir='ltr'>hic</span> <span class='ocrx_word' id='word_1_36' title='bbox 1141 760 1232 821; x_wconf 88' lang='lat' dir='ltr'>etism</span> 
     </span>
     <span class='ocr_line' id='line_1_6' title="bbox 208 866 1232 944; baseline -0.004 -19"><span class='ocrx_word' id='word_1_37' title='bbox 208 869 366 928; x_wconf 84' lang='lat' dir='ltr'>Lesbonex</span> <span class='ocrx_word' id='word_1_38' title='bbox 388 866 518 942; x_wconf 88' lang='lat' dir='ltr'>scriptus</span> <span class='ocrx_word' id='word_1_39' title='bbox 541 875 594 927; x_wconf 87' lang='lat' dir='ltr'>est.</span> <span class='ocrx_word' id='word_1_40' title='bbox 648 868 733 927; x_wconf 91' lang='lat' dir='ltr'>Unde</span> <span class='ocrx_word' id='word_1_41' title='bbox 764 867 865 940; x_wconf 81' lang='lat' dir='ltr'>colligi</span> <span class='ocrx_word' id='word_1_42' title='bbox 896 872 996 944; x_wconf 84' lang='lat' dir='ltr'>potest</span> <span class='ocrx_word' id='word_1_43' title='bbox 1018 867 1232 925; x_wconf 81' lang='lat' dir='ltr'>Lesboncclem</span> 
     </span>
     <span class='ocr_line' id='line_1_7' title="bbox 209 968 1233 1049; baseline -0.002 -21"><span class='ocrx_word' id='word_1_44' title='bbox 209 989 327 1049; x_wconf 91' lang='lat' dir='ltr'>quoque</span> <span class='ocrx_word' id='word_1_45' title='bbox 350 968 465 1029; x_wconf 81' lang='lat' dir='ltr'>scribae</span> <span class='ocrx_word' id='word_1_46' title='bbox 488 991 504 1029; x_wconf 91' lang='lat' dir='ltr'>e</span> <span class='ocrx_word' id='word_1_47' title='bbox 524 970 701 1029; x_wconf 81' lang='lat' dir='ltr'><strong>Florentino</strong></span> <span class='ocrx_word' id='word_1_48' title='bbox 724 969 927 1048; x_wconf 83' lang='lat' dir='ltr'>manuscripto</span> <span class='ocrx_word' id='word_1_49' title='bbox 949 969 1128 1029; x_wconf 75' lang='lat' dir='ltr'><strong>innotuisse.</strong></span> <span class='ocrx_word' id='word_1_50' title='bbox 1174 969 1233 1026; x_wconf 89' lang='lat' dir='ltr'>De-</span> 
     </span>
     <span class='ocr_line' id='line_1_8' title="bbox 207 1071 1231 1150; baseline -0.002 -20"><span class='ocrx_word' id='word_1_51' title='bbox 207 1071 300 1150; x_wconf 90' lang='lat' dir='ltr'>nique</span> <span class='ocrx_word' id='word_1_52' title='bbox 322 1071 482 1131; x_wconf 70' lang='lat' dir='ltr'>Salmasius</span> <span class='ocrx_word' id='word_1_53' title='bbox 504 1072 570 1148; x_wconf 88' lang='lat' dir='ltr'>ipse</span> <span class='ocrx_word' id='word_1_54' title='bbox 593 1073 630 1131; x_wconf 89' lang='lat' dir='ltr'>de</span> <span class='ocrx_word' id='word_1_55' title='bbox 659 1071 763 1145; x_wconf 84' lang='lat' dir='ltr'>lingue</span> <span class='ocrx_word' id='word_1_56' title='bbox 791 1072 944 1132; x_wconf 88' lang='lat' dir='ltr'>hellenist.</span> <span class='ocrx_word' id='word_1_57' title='bbox 977 1072 1087 1149; x_wconf 79' lang='lat'>(1643)</span> <span class='ocrx_word' id='word_1_58' title='bbox 1118 1093 1147 1147; x_wconf 87' lang='lat' dir='ltr'>p.</span> <span class='ocrx_word' id='word_1_59' title='bbox 1176 1077 1231 1128; x_wconf 83' lang='lat'>148</span> 
     </span>
     <span class='ocr_line' id='line_1_9' title="bbox 207 1173 1234 1255; baseline -0.002 -23"><span class='ocrx_word' id='word_1_60' title='bbox 207 1173 394 1234; x_wconf 77' lang='lat' dir='ltr'>haecdicit:</span> <span class='ocrx_word' id='word_1_61' title='bbox 428 1175 624 1255; x_wconf 55' lang='lat' dir='ltr'>“Tractatum</span> <span class='ocrx_word' id='word_1_62' title='bbox 653 1175 749 1252; x_wconf 88' lang='lat' dir='ltr'>ipsum</span> <span class='ocrx_word' id='word_1_63' title='bbox 776 1175 968 1235; x_wconf 82' lang='lat' dir='ltr'>Lesboueotis</span> <span class='ocrx_word' id='word_1_64' title='bbox 991 1173 1152 1251; x_wconf 73' lang='lat' dir='ltr'>aliquando</span> <span class='ocrx_word' id='word_1_65' title='bbox 1175 1175 1234 1231; x_wconf 82' lang='lat' dir='ltr'>for-</span> 
     </span>
     <span class='ocr_line' id='line_1_10' title="bbox 207 1275 1232 1354; baseline -0.001 -19"><span class='ocrx_word' id='word_1_66' title='bbox 207 1281 286 1335; x_wconf 78' lang='lat' dir='ltr'>tusse</span> <span class='ocrx_word' id='word_1_67' title='bbox 308 1276 340 1335; x_wconf 88' lang='lat' dir='ltr'>in</span> <span class='ocrx_word' id='word_1_68' title='bbox 364 1277 460 1336; x_wconf 90' lang='lat' dir='ltr'>lucem</span> <span class='ocrx_word' id='word_1_69' title='bbox 484 1278 552 1336; x_wconf 89' lang='lat' dir='ltr'>edet</span> <span class='ocrx_word' id='word_1_70' title='bbox 574 1276 793 1336; x_wconf 87' lang='lat' dir='ltr'>eruditissimus</span> <span class='ocrx_word' id='word_1_71' title='bbox 816 1283 847 1336; x_wconf 89' lang='lat' dir='ltr'>et</span> <span class='ocrx_word' id='word_1_72' title='bbox 872 1275 1148 1354; x_wconf 76' lang='lat' dir='ltr'>praestantissimus</span> <span class='ocrx_word' id='word_1_73' title='bbox 1171 1277 1232 1334; x_wconf 88' lang='lat' dir='ltr'>Iss-</span> 
     </span>
     <span class='ocr_line' id='line_1_11' title="bbox 208 1377 1234 1458; baseline -0.004 -20"><span class='ocrx_word' id='word_1_74' title='bbox 208 1399 278 1439; x_wconf 83' lang='lat' dir='ltr'>ecus</span> <span class='ocrx_word' id='word_1_75' title='bbox 302 1379 435 1451; x_wconf 81' lang='lat' dir='ltr'>Vossius,</span> <span class='ocrx_word' id='word_1_76' title='bbox 466 1399 580 1439; x_wconf 90' lang='lat' dir='ltr'>summo</span> <span class='ocrx_word' id='word_1_77' title='bbox 604 1378 670 1439; x_wconf 81' lang='lat' dir='ltr'>viro</span> <span class='ocrx_word' id='word_1_78' title='bbox 693 1379 887 1453; x_wconf 86' lang='lat' dir='ltr'>dignissimus</span> <span class='ocrx_word' id='word_1_79' title='bbox 909 1377 998 1451; x_wconf 90' lang='lat' dir='ltr'>filius,</span> <span class='ocrx_word' id='word_1_80' title='bbox 1030 1378 1081 1458; x_wconf 91' lang='lat' dir='ltr'>qni</span> <span class='ocrx_word' id='word_1_81' title='bbox 1105 1400 1143 1437; x_wconf 89' lang='lat' dir='ltr'>ex</span> <span class='ocrx_word' id='word_1_82' title='bbox 1166 1379 1234 1436; x_wconf 86' lang='lat' dir='ltr'>Flo-</span> 
     </span>
     <span class='ocr_line' id='line_1_12' title="bbox 208 1481 1233 1559; baseline -0.004 -17"><span class='ocrx_word' id='word_1_83' title='bbox 208 1481 328 1543; x_wconf 82' lang='lat' dir='ltr'>rentius</span> <span class='ocrx_word' id='word_1_84' title='bbox 357 1481 547 1542; x_wconf 80' lang='lat' dir='ltr'>Bibliotheca</span> <span class='ocrx_word' id='word_1_85' title='bbox 577 1481 761 1559; x_wconf 88' lang='lat' dir='ltr'>descriptum</span> <span class='ocrx_word' id='word_1_86' title='bbox 792 1501 889 1558; x_wconf 84' lang='lat' dir='ltr'>nuper</span> <span class='ocrx_word' id='word_1_87' title='bbox 920 1483 957 1540; x_wconf 82' lang='lat' dir='ltr'>sd</span> <span class='ocrx_word' id='word_1_88' title='bbox 988 1501 1035 1539; x_wconf 92' lang='lat' dir='ltr'>me</span> <span class='ocrx_word' id='word_1_89' title='bbox 1066 1501 1134 1540; x_wconf 88' lang='lat' dir='ltr'>eum</span> <span class='ocrx_word' id='word_1_90' title='bbox 1166 1484 1233 1538; x_wconf 90' lang='lat' dir='ltr'>sub·</span> 
     </span>
     <span class='ocr_line' id='line_1_13' title="bbox 208 1569 1232 1661; baseline -0.004 -17"><span class='ocrx_word' id='word_1_91' title='bbox 208 1582 318 1644; x_wconf 87' lang='lat' dir='ltr'>misit.&#39;’</span> <span class='ocrx_word' id='word_1_92' title='bbox 361 1584 444 1649; x_wconf 76' lang='lat' dir='ltr'>Quae</span> <span class='ocrx_word' id='word_1_93' title='bbox 461 1587 553 1645; x_wconf 80' lang='lat' dir='ltr'>verbe</span> <span class='ocrx_word' id='word_1_94' title='bbox 569 1569 605 1643; x_wconf 88' lang='lat' dir='ltr'>sd</span> <span class='ocrx_word' id='word_1_95' title='bbox 620 1590 755 1644; x_wconf 85' lang='lat' dir='ltr'>nostrum</span> <span class='ocrx_word' id='word_1_96' title='bbox 771 1585 902 1644; x_wconf 78' lang='lat' dir='ltr'>codicem</span> <span class='ocrx_word' id='word_1_97' title='bbox 919 1584 1013 1642; x_wconf 79' lang='lat' dir='ltr'>Puris.</span> <span class='ocrx_word' id='word_1_98' title='bbox 1030 1588 1122 1655; x_wconf 81' lang='lat'><strong>2539,</strong></span> <span class='ocrx_word' id='word_1_99' title='bbox 1146 1603 1232 1661; x_wconf 84' lang='lat' dir='ltr'>quom</span> 
     </span>
     <span class='ocr_line' id='line_1_14' title="bbox 208 1685 1233 1762; baseline -0.002 -16"><span class='ocrx_word' id='word_1_100' title='bbox 208 1686 384 1746; x_wconf 83' lang='lat' dir='ltr'>Sslmesium</span> <span class='ocrx_word' id='word_1_101' title='bbox 406 1687 544 1747; x_wconf 84' lang='lat' dir='ltr'>menibus</span> <span class='ocrx_word' id='word_1_102' title='bbox 566 1687 736 1748; x_wconf 78' lang='lat' dir='ltr'>versavisse</span> <span class='ocrx_word' id='word_1_103' title='bbox 759 1686 907 1760; x_wconf 86' lang='lat' dir='ltr'>novimus,</span> <span class='ocrx_word' id='word_1_104' title='bbox 930 1686 1082 1762; x_wconf 89' lang='lat' dir='ltr'>pertinere</span> <span class='ocrx_word' id='word_1_105' title='bbox 1105 1687 1170 1745; x_wconf 84' lang='lat' dir='ltr'>veri</span> <span class='ocrx_word' id='word_1_106' title='bbox 1195 1685 1233 1744; x_wconf 92' lang='lat' dir='ltr'>si·</span> 
     </span>
     <span class='ocr_line' id='line_1_15' title="bbox 208 1789 375 1850; baseline 0.012 -3"><span class='ocrx_word' id='word_1_107' title='bbox 208 1789 375 1850; x_wconf 89' lang='lat' dir='ltr'>millimum.</span> 
     </span>
    </p>
   </div>
   <div class='ocr_carea' id='block_1_3' title="bbox 210 1908 1233 2194">
    <p class='ocr_par' dir='ltr' id='par_1_3' title="bbox 210 1908 1233 2194">
     <span class='ocr_line' id='line_1_16' title="bbox 292 1908 1233 1990; baseline -0.001 -22"><span class='ocrx_word' id='word_1_108' title='bbox 292 1910 488 1989; x_wconf 80' lang='lat' dir='ltr'>Relinquitur</span> <span class='ocrx_word' id='word_1_109' title='bbox 509 1911 603 1985; x_wconf 82' lang='lat' dir='ltr'>igitur</span> <span class='ocrx_word' id='word_1_110' title='bbox 626 1911 771 1990; x_wconf 79' lang='lat' dir='ltr'>quaestio,</span> <span class='ocrx_word' id='word_1_111' title='bbox 804 1929 861 1988; x_wconf 93' lang='lat' dir='ltr'>quo</span> <span class='ocrx_word' id='word_1_112' title='bbox 892 1908 1080 1968; x_wconf 74' lang='lat' dir='ltr'>necessitatis</span> <span class='ocrx_word' id='word_1_113' title='bbox 1110 1909 1233 1968; x_wconf 80' lang='lat' dir='ltr'>vinculo</span> 
     </span>
     <span class='ocr_line' id='line_1_17' title="bbox 210 2012 841 2092; baseline -0.005 -20"><span class='ocrx_word' id='word_1_114' title='bbox 210 2012 339 2072; x_wconf 83' lang='lat' dir='ltr'>connexi</span> <span class='ocrx_word' id='word_1_115' title='bbox 363 2012 424 2071; x_wconf 84' lang='lat' dir='ltr'>sint</span> <span class='ocrx_word' id='word_1_116' title='bbox 446 2013 611 2092; x_wconf 86' lang='lat' dir='ltr'>P(erisinus</span> <span class='ocrx_word' id='word_1_117' title='bbox 638 2013 730 2087; x_wconf 78' lang='lat'>1270)</span> <span class='ocrx_word' id='word_1_118' title='bbox 755 2018 785 2071; x_wconf 89' lang='lat' dir='ltr'>et</span> <span class='ocrx_word' id='word_1_119' title='bbox 807 2014 841 2069; x_wconf 84' lang='lat' dir='ltr'>F.</span> 
     </span>
     <span class='ocr_line' id='line_1_18' title="bbox 298 2115 1164 2194; baseline 0 -21"><span class='ocrx_word' id='word_1_120' title='bbox 298 2121 322 2174; x_wconf 95' lang='lat' dir='ltr'>l.</span> <span class='ocrx_word' id='word_1_121' title='bbox 347 2116 369 2172; x_wconf 88' lang='lat' dir='ltr'>F</span> <span class='ocrx_word' id='word_1_122' title='bbox 393 2121 508 2194; x_wconf 86' lang='lat' dir='ltr'>septem</span> <span class='ocrx_word' id='word_1_123' title='bbox 530 2115 603 2176; x_wconf 87' lang='lat' dir='ltr'>loeis</span> <span class='ocrx_word' id='word_1_124' title='bbox 627 2115 797 2191; x_wconf 89' lang='lat' dir='ltr'>probiorem</span> <span class='ocrx_word' id='word_1_125' title='bbox 820 2115 1000 2193; x_wconf 82' lang='lat' dir='ltr'>scripturum</span> <span class='ocrx_word' id='word_1_126' title='bbox 1022 2116 1164 2192; x_wconf 73' lang='lat' dir='ltr'>praebet:</span> 
     </span>
    </p>
   </div>
   <div class='ocr_carea' id='block_1_4' title="bbox 207 2253 1112 3167">
    <p class='ocr_par' dir='ltr' id='par_1_4' title="bbox 207 2253 1112 3167">
     <span class='ocr_line' id='line_1_19' title="bbox 448 2253 822 2298; baseline -0.003 0"><span class='ocrx_word' id='word_1_127' title='bbox 448 2253 468 2298; x_wconf 90' lang='lat' dir='ltr'><strong>P</strong></span> <span class='ocrx_word' id='word_1_128' title='bbox 802 2253 822 2297; x_wconf 78' lang='lat' dir='ltr'><strong>F</strong></span> 
     </span>
     <span class='ocr_line' id='line_1_20' title="bbox 207 2329 707 2398; baseline 0.002 -15"><span class='ocrx_word' id='word_1_129' title='bbox 207 2341 232 2398; x_wconf 86' lang='lat' dir='ltr'>e)</span> <span class='ocrx_word' id='word_1_130' title='bbox 251 2352 273 2397; x_wconf 88' lang='lat' dir='ltr'>p.</span> <span class='ocrx_word' id='word_1_131' title='bbox 285 2339 348 2396; x_wconf 57' lang='lat' dir='ltr'>36st</span> <span class='ocrx_word' id='word_1_132' title='bbox 380 2339 408 2384; x_wconf 92' lang='lat' dir='ltr'>ln</span> <span class='ocrx_word' id='word_1_133' title='bbox 427 2340 458 2388; x_wconf 84' lang='lat'>11.</span> <span class='ocrx_word' id='word_1_134' title='bbox 477 2335 500 2386; x_wconf 89' lang='grc' dir='ltr'>Υ</span> <span class='ocrx_word' id='word_1_135' title='bbox 521 2339 582 2384; x_wconf 84' lang='lat'>138:</span> <span class='ocrx_word' id='word_1_136' title='bbox 602 2333 624 2386; x_wconf 83' lang='grc' dir='ltr'>εἰ</span> <span class='ocrx_word' id='word_1_137' title='bbox 640 2333 669 2386; x_wconf 80' lang='grc' dir='ltr'>δέ</span> <span class='ocrx_word' id='word_1_138' title='bbox 684 2329 707 2384; x_wconf 79' lang='grc' dir='ltr'>κ’</span> 
     </span>
     <span class='ocr_line' id='line_1_21' title="bbox 372 2415 709 2488; baseline -0.006 -19"><span class='ocrx_word' id='word_1_139' title='bbox 372 2415 709 2488; x_wconf 72' lang='grc' dir='ltr'>’Δρηςλάχωσιμάχηςκαὶ</span> 
     </span>
     <span class='ocr_line' id='line_1_22' title="bbox 379 2501 620 2572; baseline -0.008 -16"><span class='ocrx_word' id='word_1_140' title='bbox 379 2506 474 2572; x_wconf 55' lang='lat' dir='ltr'>‘doulos</span> <span class='ocrx_word' id='word_1_141' title='bbox 491 2501 620 2556; x_wconf 78' lang='grc' dir='ltr'>Ἀπόλλων</span> 
     </span>
     <span class='ocr_line' id='line_1_23' title="bbox 379 2589 1048 2643; baseline -0.001 -5"><span class='ocrx_word' id='word_1_142' title='bbox 379 2608 419 2638; x_wconf 87' lang='lat' dir='ltr'>om</span> <span class='ocrx_word' id='word_1_143' title='bbox 438 2589 482 2643; x_wconf 75' lang='grc' dir='ltr'>καὶ</span> <span class='ocrx_word' id='word_1_144' title='bbox 733 2593 844 2638; x_wconf 82' lang='lat' dir='ltr'>additum</span> <span class='ocrx_word' id='word_1_145' title='bbox 863 2593 894 2638; x_wconf 84' lang='lat' dir='ltr'>ab</span> <span class='ocrx_word' id='word_1_146' title='bbox 913 2595 997 2639; x_wconf 87' lang='lat' dir='ltr'>eudem</span> <span class='ocrx_word' id='word_1_147' title='bbox 1016 2608 1048 2638; x_wconf 75' lang='lat' dir='ltr'>ui.</span> 
     </span>
     <span class='ocr_line' id='line_1_24' title="bbox 208 2673 876 2739; baseline 0 -13"><span class='ocrx_word' id='word_1_148' title='bbox 208 2679 234 2738; x_wconf 76' lang='lat' dir='ltr'>b)</span> <span class='ocrx_word' id='word_1_149' title='bbox 253 2695 276 2739; x_wconf 86' lang='lat' dir='ltr'>p.</span> <span class='ocrx_word' id='word_1_150' title='bbox 287 2683 328 2736; x_wconf 85' lang='grc'>36,</span> <span class='ocrx_word' id='word_1_151' title='bbox 337 2681 369 2727; x_wconf 72' lang='lat'>24</span> <span class='ocrx_word' id='word_1_152' title='bbox 379 2674 497 2739; x_wconf 75' lang='grc' dir='ltr'>αῑατικήν</span> <span class='ocrx_word' id='word_1_153' title='bbox 733 2673 876 2739; x_wconf 66' lang='grc' dir='ltr'>αἰτιατικὴν</span> 
     </span>
     <span class='ocr_line' id='line_1_25' title="bbox 207 2755 809 2827; baseline 0 -16"><span class='ocrx_word' id='word_1_154' title='bbox 207 2765 230 2826; x_wconf 85' lang='lat' dir='ltr'>c)</span> <span class='ocrx_word' id='word_1_155' title='bbox 250 2779 272 2824; x_wconf 87' lang='lat' dir='ltr'>p.</span> <span class='ocrx_word' id='word_1_156' title='bbox 282 2766 323 2822; x_wconf 84' lang='grc'>38,</span> <span class='ocrx_word' id='word_1_157' title='bbox 334 2767 364 2812; x_wconf 74' lang='lat'>17</span> <span class='ocrx_word' id='word_1_158' title='bbox 379 2756 440 2827; x_wconf 76' lang='grc' dir='ltr'><strong>ἔριγ’</strong></span> <span class='ocrx_word' id='word_1_159' title='bbox 735 2755 809 2826; x_wconf 80' lang='grc' dir='ltr'><strong>ἔρριγ’</strong></span> 
     </span>
     <span class='ocr_line' id='line_1_26' title="bbox 208 2842 932 2914; baseline 0 -18"><span class='ocrx_word' id='word_1_160' title='bbox 208 2852 235 2906; x_wconf 74' lang='lat' dir='ltr'>d)</span> <span class='ocrx_word' id='word_1_161' title='bbox 254 2866 277 2910; x_wconf 88' lang='lat' dir='ltr'>p.</span> <span class='ocrx_word' id='word_1_162' title='bbox 287 2853 327 2908; x_wconf 81' lang='lat'>44,</span> <span class='ocrx_word' id='word_1_163' title='bbox 337 2847 377 2914; x_wconf 78' lang='grc'>819</span> <span class='ocrx_word' id='word_1_164' title='bbox 387 2845 589 2910; x_wconf 78' lang='grc' dir='ltr'>Λακεδαιμονίαν</span> <span class='ocrx_word' id='word_1_165' title='bbox 735 2842 932 2910; x_wconf 78' lang='grc' dir='ltr'>Λακεδαιμόνιοι</span> 
     </span>
     <span class='ocr_line' id='line_1_27' title="bbox 208 2928 834 2996; baseline -0.002 -14"><span class='ocrx_word' id='word_1_166' title='bbox 208 2937 231 2991; x_wconf 73' lang='lat' dir='ltr'>e)</span> <span class='ocrx_word' id='word_1_167' title='bbox 250 2939 348 2996; x_wconf 81' lang='lat' dir='ltr'>p.4o,1</span> <span class='ocrx_word' id='word_1_168' title='bbox 379 2931 465 2984; x_wconf 77' lang='grc' dir='ltr'>ἕπεται</span> <span class='ocrx_word' id='word_1_169' title='bbox 735 2928 834 2981; x_wconf 77' lang='grc' dir='ltr'>ἕπονται</span> 
     </span>
     <span class='ocr_line' id='line_1_28' title="bbox 208 3009 898 3085; baseline 0.001 -18"><span class='ocrx_word' id='word_1_170' title='bbox 208 3023 230 3081; x_wconf 79' lang='lat' dir='ltr'>l)</span> <span class='ocrx_word' id='word_1_171' title='bbox 249 3023 367 3081; x_wconf 55' lang='lat' dir='ltr'>penne</span> <span class='ocrx_word' id='word_1_172' title='bbox 381 3015 418 3082; x_wconf 79' lang='grc' dir='ltr'>μή</span> <span class='ocrx_word' id='word_1_173' title='bbox 438 3018 496 3085; x_wconf 56' lang='lat' dir='ltr'>esne</span> <span class='ocrx_word' id='word_1_174' title='bbox 735 3009 763 3066; x_wconf 77' lang='lat' dir='ltr'>cii</span> <span class='ocrx_word' id='word_1_175' title='bbox 783 3013 820 3079; x_wconf 78' lang='grc' dir='ltr'>μὴ</span> <span class='ocrx_word' id='word_1_176' title='bbox 839 3017 898 3083; x_wconf 76' lang='grc' dir='ltr'>ἴδῃς</span> 
     </span>
     <span class='ocr_line' id='line_1_29' title="bbox 207 3097 1112 3167; baseline 0.002 -15"><span class='ocrx_word' id='word_1_177' title='bbox 207 3106 234 3167; x_wconf 84' lang='lat' dir='ltr'>g)</span> <span class='ocrx_word' id='word_1_178' title='bbox 252 3121 275 3166; x_wconf 87' lang='lat' dir='ltr'>p.</span> <span class='ocrx_word' id='word_1_179' title='bbox 285 3108 366 3162; x_wconf 59' lang='lat' dir='ltr'>54,st</span> <span class='ocrx_word' id='word_1_180' title='bbox 378 3098 539 3167; x_wconf 78' lang='grc' dir='ltr'>Ἀλέξανδρον</span> <span class='ocrx_word' id='word_1_181' title='bbox 559 3101 697 3154; x_wconf 78' lang='grc' dir='ltr'>Μακεδόνα</span> <span class='ocrx_word' id='word_1_182' title='bbox 734 3097 894 3166; x_wconf 77' lang='grc' dir='ltr'>Ἀλέξανδρον</span> <span class='ocrx_word' id='word_1_183' title='bbox 913 3102 955 3155; x_wconf 77' lang='grc' dir='ltr'>τᾶν</span> <span class='ocrx_word' id='word_1_184' title='bbox 975 3101 1112 3156; x_wconf 81' lang='grc' dir='ltr'>Μακεδόνα</span> 
     </span>
    </p>
   </div>
   <div class='ocr_carea' id='block_1_5' title="bbox 208 3208 1233 3373">
    <p class='ocr_par' dir='ltr' id='par_1_5' title="bbox 208 3208 1233 3373">
     <span class='ocr_line' id='line_1_30' title="bbox 294 3208 1233 3284; baseline 0.002 -16"><span class='ocrx_word' id='word_1_185' title='bbox 294 3210 377 3270; x_wconf 81' lang='lat' dir='ltr'>Haec</span> <span class='ocrx_word' id='word_1_186' title='bbox 400 3208 618 3284; x_wconf 75' lang='lat' dir='ltr'>praestantiora</span> <span class='ocrx_word' id='word_1_187' title='bbox 640 3228 699 3266; x_wconf 87' lang='lat' dir='ltr'>nou</span> <span class='ocrx_word' id='word_1_188' title='bbox 729 3227 828 3266; x_wconf 86' lang='lat' dir='ltr'>meree</span> <span class='ocrx_word' id='word_1_189' title='bbox 853 3208 1040 3269; x_wconf 87' lang='lat' dir='ltr'>coniecturae</span> <span class='ocrx_word' id='word_1_190' title='bbox 1063 3212 1233 3270; x_wconf 77' lang='lat' dir='ltr'>Florentini</span> 
     </span>
     <span class='ocr_line' id='line_1_31' title="bbox 208 3310 1233 3373; baseline 0 -2"><span class='ocrx_word' id='word_1_191' title='bbox 208 3310 318 3373; x_wconf 88' lang='lat' dir='ltr'>codicis</span> <span class='ocrx_word' id='word_1_192' title='bbox 342 3311 473 3371; x_wconf 79' lang='lat' dir='ltr'>auctoris</span> <span class='ocrx_word' id='word_1_193' title='bbox 495 3312 597 3370; x_wconf 89' lang='lat' dir='ltr'>deberi</span> <span class='ocrx_word' id='word_1_194' title='bbox 622 3315 724 3369; x_wconf 88' lang='lat' dir='ltr'>monet</span> <span class='ocrx_word' id='word_1_195' title='bbox 745 3313 827 3370; x_wconf 91' lang='lat' dir='ltr'>locus</span> <span class='ocrx_word' id='word_1_196' title='bbox 852 3323 1011 3372; x_wconf 85' lang='lat' dir='ltr'>extremus.</span> <span class='ocrx_word' id='word_1_197' title='bbox 1065 3314 1233 3373; x_wconf 84' lang='lat' dir='ltr'>Articulum</span> 
     </span>
    </p>
   </div>
   <div class='ocr_carea' id='block_1_6' title="bbox 207 3408 1233 3486">
    <p class='ocr_par' dir='ltr' id='par_1_6' title="bbox 207 3408 1233 3486">
     <span class='ocr_line' id='line_1_32' title="bbox 207 3408 1233 3486; baseline 0.001 -14"><span class='ocrx_word' id='word_1_198' title='bbox 207 3414 288 3473; x_wconf 90' lang='lat' dir='ltr'>enim</span> <span class='ocrx_word' id='word_1_199' title='bbox 311 3423 380 3473; x_wconf 83' lang='lat' dir='ltr'>ente</span> <span class='ocrx_word' id='word_1_200' title='bbox 397 3408 561 3471; x_wconf 78' lang='grc' dir='ltr'>Μακεδόνα</span> <span class='ocrx_word' id='word_1_201' title='bbox 578 3435 638 3472; x_wconf 89' lang='lat' dir='ltr'>non</span> <span class='ocrx_word' id='word_1_202' title='bbox 654 3435 693 3473; x_wconf 87' lang='lat' dir='ltr'>ex</span> <span class='ocrx_word' id='word_1_203' title='bbox 709 3413 823 3472; x_wconf 83' lang='lat' dir='ltr'>scribae</span> <span class='ocrx_word' id='word_1_204' title='bbox 840 3414 966 3474; x_wconf 83' lang='lat' dir='ltr'>arbitrio</span> <span class='ocrx_word' id='word_1_205' title='bbox 989 3415 1136 3475; x_wconf 87' lang='lat' dir='ltr'>insertum</span> <span class='ocrx_word' id='word_1_206' title='bbox 1161 3437 1233 3486; x_wconf 85' lang='lat' dir='ltr'>esec,</span> 
     </span>
    </p>
   </div>
   <div class='ocr_carea' id='block_1_7' title="bbox 207 3514 1234 3697">
    <p class='ocr_par' dir='ltr' id='par_1_7' title="bbox 207 3514 1234 3697">
     <span class='ocr_line' id='line_1_33' title="bbox 207 3514 1234 3594; baseline -0.001 -16"><span class='ocrx_word' id='word_1_207' title='bbox 207 3536 312 3578; x_wconf 83' lang='lat' dir='ltr'>verum</span> <span class='ocrx_word' id='word_1_208' title='bbox 335 3516 502 3594; x_wconf 71' lang='lat' dir='ltr'>antiquitus</span> <span class='ocrx_word' id='word_1_209' title='bbox 523 3518 605 3576; x_wconf 90' lang='lat' dir='ltr'>hunc</span> <span class='ocrx_word' id='word_1_210' title='bbox 626 3517 725 3576; x_wconf 91' lang='lat' dir='ltr'>locum</span> <span class='ocrx_word' id='word_1_211' title='bbox 748 3514 914 3574; x_wconf 84' lang='lat' dir='ltr'>obtinuisse</span> <span class='ocrx_word' id='word_1_212' title='bbox 929 3518 1069 3577; x_wconf 86' lang='lat' dir='ltr'>discimus</span> <span class='ocrx_word' id='word_1_213' title='bbox 1085 3538 1102 3577; x_wconf 90' lang='lat' dir='ltr'>e</span> <span class='ocrx_word' id='word_1_214' title='bbox 1119 3518 1234 3577; x_wconf 86' lang='lat' dir='ltr'>scholio</span> 
     </span>
     <span class='ocr_line' id='line_1_34' title="bbox 207 3616 1233 3697; baseline 0.002 -22"><span class='ocrx_word' id='word_1_215' title='bbox 207 3616 247 3675; x_wconf 62' lang='lat' dir='ltr'>&#39;ll</span> <span class='ocrx_word' id='word_1_216' title='bbox 281 3622 318 3679; x_wconf 79' lang='lat' dir='ltr'>ud</span> <span class='ocrx_word' id='word_1_217' title='bbox 342 3621 367 3676; x_wconf 89' lang='lat' dir='ltr'><em>B</em></span> <span class='ocrx_word' id='word_1_218' title='bbox 390 3624 450 3678; x_wconf 86' lang='grc'>353</span> <span class='ocrx_word' id='word_1_219' title='bbox 486 3618 533 3676; x_wconf 90' lang='lat' dir='ltr'>ed.</span> <span class='ocrx_word' id='word_1_220' title='bbox 564 3619 659 3677; x_wconf 82' lang='lat' dir='ltr'>Messe</span> <span class='ocrx_word' id='word_1_221' title='bbox 687 3618 731 3677; x_wconf 89' lang='lat' dir='ltr'>VI</span> <span class='ocrx_word' id='word_1_222' title='bbox 766 3637 793 3692; x_wconf 90' lang='lat' dir='ltr'>p.</span> <span class='ocrx_word' id='word_1_223' title='bbox 818 3619 919 3696; x_wconf 80' lang='lat'>499²)</span> <span class='ocrx_word' id='word_1_224' title='bbox 950 3619 1029 3679; x_wconf 83' lang='lat' dir='ltr'>infre</span> <span class='ocrx_word' id='word_1_225' title='bbox 1060 3621 1102 3697; x_wconf 90' lang='lat' dir='ltr'>(p.</span> <span class='ocrx_word' id='word_1_226' title='bbox 1129 3622 1233 3696; x_wconf 77' lang='lat'>5411.)</span> 
     </span>
    </p>
   </div>
   <div class='ocr_carea' id='block_1_8' title="bbox 277 3838 937 4024">
    <p class='ocr_par' dir='ltr' id='par_1_8' title="bbox 277 3838 937 4024">
     <span class='ocr_line' id='line_1_35' title="bbox 277 3838 937 3938; baseline -0.011 -17"><span class='ocrx_word' id='word_1_227' title='bbox 277 3875 301 3938; x_wconf 88' lang='lat'>1)</span> <span class='ocrx_word' id='word_1_228' title='bbox 321 3876 412 3922; x_wconf 87' lang='lat' dir='ltr'>Verum</span> <span class='ocrx_word' id='word_1_229' title='bbox 430 3877 455 3921; x_wconf 90' lang='lat' dir='ltr'>in</span> <span class='ocrx_word' id='word_1_230' title='bbox 474 3875 536 3934; x_wconf 88' lang='lat' dir='ltr'>plut.</span> <span class='ocrx_word' id='word_1_231' title='bbox 556 3874 600 3920; x_wconf 88' lang='lat' dir='ltr'>LV</span> <span class='ocrx_word' id='word_1_232' title='bbox 619 3874 671 3920; x_wconf 68' lang='lat' dir='ltr'>codv</span> <span class='ocrx_word' id='word_1_233' title='bbox 691 3876 733 3920; x_wconf 84' lang='lat'>20.</span> <span class='ocrx_word' id='word_1_234' title='bbox 828 3855 904 3935; x_wconf 47' lang='lat' dir='ltr'>55st</span> <span class='ocrx_word' id='word_1_235' title='bbox 926 3838 937 3874; x_wconf 50' lang='lat' dir='ltr'>i</span> 
     </span>
     <span class='ocr_line' id='line_1_36' title="bbox 278 3959 770 4024; baseline -0.002 -15"><span class='ocrx_word' id='word_1_236' title='bbox 278 3959 304 4024; x_wconf 82' lang='lat'>2)</span> <span class='ocrx_word' id='word_1_237' title='bbox 322 3961 445 4009; x_wconf 86' lang='lat' dir='ltr'>Scholium</span> <span class='ocrx_word' id='word_1_238' title='bbox 466 3961 526 4013; x_wconf 83' lang='lat' dir='ltr'>mihi</span> <span class='ocrx_word' id='word_1_239' title='bbox 547 3960 626 4010; x_wconf 86' lang='lat' dir='ltr'>editor</span> <span class='ocrx_word' id='word_1_240' title='bbox 642 3959 770 4009; x_wconf 78' lang='lat' dir='ltr'>indicavit.</span> 
     </span>
    </p>
   </div>
   <div class='ocr_carea' id='block_1_9' title="bbox 0 0 1410 4710">
    <p class='ocr_par' dir='ltr' id='par_1_9' title="bbox 0 0 1410 4710">
     <span class='ocr_line' id='line_1_37' title="bbox 0 0 1410 4710; baseline 0 0"><span class='ocrx_word' id='word_1_241' title='bbox 0 0 1410 4710; x_wconf 95' lang='lat' dir='ltr'> </span> 
     </span>
    </p>
   </div>
  </div>
 </body>
</html>
