2812 4710
600 273 811 337 ..13-

677 462 744 540 §a

450 587 499 640 De
521 585 725 642 recensionis
747 589 774 640 Β
797 587 955 644 testibus.

282 703 429 776 Integrior
451 702 631 761 recensionis
655 703 678 759 B
701 703 794 761 torma
816 724 875 761 uno
899 703 998 761 codice
1018 701 1217 761 Laurentiano

195 805 336 881 redditur,
360 804 478 864 brevior
500 805 601 863 codice
624 805 657 876 Ο,
682 806 778 863 denuo
801 813 913 865 mutata
935 805 1108 864 recensione
1130 807 1160 863 b.

491 941 521 1017 a)
559 942 612 999 De
635 943 876 1001 recensione
898 943 926 1003 b.

280 1061 409 1118 Primum
434 1080 491 1120 rec.
514 1063 533 1118 b
556 1061 625 1118 inde
648 1063 842 1134 cognoscitur,
868 1062 1091 1140 quodomnium
1108 1060 1217 1134 figura-

193 1183 258 1221 rum
288 1183 381 1240 usque
410 1165 447 1220 ad
475 1165 593 1222 schema
611 1157 785 1240 Ἀργολικόν
816 1172 848 1223 st
871 1164 1028 1223 schematis
1048 1153 1164 1220 ‘Pedion
1188 1167 1219 1221 et

146 1264 149 1268 ’
187 1258 329 1322 Ἀσιανοῦ
354 1266 473 1323 nomina
495 1267 726 1338 transformavit,
748 1271 783 1325 ut
797 1265 918 1324 nomina
938 1267 1069 1340 gentium
1087 1265 1134 1323 vel
1150 1284 1216 1340 per·

192 1386 328 1425 sonarum
352 1367 459 1444 plurali
484 1387 606 1425 numero
630 1374 754 1442 poneret
775 1368 876 1446 itaque
899 1369 973 1426 mira
992 1368 1044 1426 ille
1059 1360 1215 1447 ‘J‘lssvneg”

192 1463 395 1549 “'Alnaoiveg''
419 1469 558 1528 efficeret.

278 1574 370 1631 Porro
393 1573 424 1630 in
447 1573 549 1645 figuris
572 1570 680 1631 Atticis
704 1572 826 1629 alterum
851 1574 983 1632 novavit.
1019 1571 1114 1647 Supra
1137 1571 1214 1630 enim

190 1676 395 1736 contendimus
425 1675 466 1753 (p.
484 1675 514 1751 5)
544 1676 725 1734 reductorem
750 1676 772 1731 B
805 1676 909 1733 seriem
933 1674 1048 1733 illarum
1080 1673 1123 1732 ita
1148 1673 1215 1730 fini·

190 1779 285 1838 visse:
306 1774 356 1834 καὶ
379 1771 411 1834 rd
436 1773 591 1851 μέμφομαι
616 1774 663 1832 nul
689 1769 819 1848 ὀνειδίζω
843 1775 893 1834 καὶ
917 1774 1032 1852 ἐνοχλῶ.
1046 1771 1096 1833 καὶ
1119 1774 1214 1834 λοιδο-

192 1882 303 1958 ροῦμοιι
326 1879 430 1960 detergi
453 1872 669 1936 ovvroiooovctv
691 1870 851 1956 (Ἀττικοί).

280 1980 319 2039 Oi
346 1978 376 2038 di
401 1985 527 2056 Δωριεῖς
551 1976 769 2053 ἐναντιούμενοι
796 1975 900 2051 αὐτοῖς
922 1979 1099 2050 αι’τιατιιιιιῖς
1121 1983 1213 2037 ταῦτα

191 2078 387 2142 συντάσσουοι
410 2080 580 2165 ιμέμφομαί
603 2081 649 2140 σε’
674 2081 814 2161 λέγοντες.
854 2084 1023 2159 Σημεὶωσιιι
1060 2078 1091 2141 δὲ
1114 2076 1158 2141 ὅτι
1181 2078 1214 2142 τό

190 2189 360 2258 σολοικίζειν
383 2179 535 2258 α’ττιιιίζειν
559 2184 625 2244 ἐστι’,

274 2290 357 2348 Haec
379 2291 458 2348 enim
481 2290 571 2349 tradit
589 2291 812 2359 Laurentianus,
836 2291 908 2348 haee
933 2291 1091 2349 cohaerent
1113 2295 1143 2348 et
1165 2309 1213 2347 co-

187 2394 350 2450 haerebant
375 2393 407 2449 in
430 2392 638 2470 antiquissimo
662 2393 838 2469 archetypo,
868 2394 898 2450 id
928 2393 1005 2471 quod
1030 2392 1162 2451 recensio
1184 2396 1213 2450 A

190 2497 274 2554 docet
304 2495 353 2572 (cf.
385 2487 453 2551 illio
485 2496 601 2561 πολλοῖς
633 2491 785 2569 εἰρημένον
808 2499 969 2570 p.51,29.
1002 2495 1072 2554 eod.
1097 2495 1121 2551 O
1145 2495 1212 2555 mit·

187 2599 294 2656 tendus
317 2604 370 2669 est,
394 2598 471 2674 quod
497 2599 531 2653 de
551 2597 676 2655 [loribus
700 2598 818 2655 omnino
835 2598 936 2675 tacet.)
968 2597 1054 2655 Unde
1069 2617 1133 2656 meo
1149 2598 1213 2655 iure

189 2699 343 2773 collegisse
365 2699 438 2756 mihi
461 2700 564 2757 videor
587 2699 817 2757 Laurentianum
843 2699 890 2757 hic
905 2699 1050 2758 sinceram
1066 2700 1211 2758 recensio·

189 2803 280 2860 nisB
311 2802 468 2876 imaginem
497 2821 639 2860 servasse.
686 2799 763 2863 Quid
787 2808 883 2859 autem
907 2802 978 2860 fecit
1000 2801 1040 2859 b?
1085 2801 1213 2861 Diremit

187 2907 266 2962 hunc
288 2923 414 2974 nexum,
447 2911 481 2962 ut
511 2912 578 2962 ante
600 2904 695 2962 Dores
718 2905 870 2976 insereret,
902 2924 977 2981 quae
1009 2906 1123 2963 duobus
1146 2904 1211 2963 aliis

188 3008 260 3065 locis
283 3007 317 3064 de
342 3007 449 3065 Atticis
472 3013 633 3064 memorate
655 3016 747 3082 erant,
772 3027 830 3065 non
854 3007 885 3064 in
907 3008 1079 3065 recensione
1103 3007 1135 3078 B,
1159 3009 1210 3065 sed

188 3110 218 3166 in
243 3113 276 3170 A.
313 3111 391 3183 Ergo
415 3113 432 3167 b
456 3109 657 3167 recensionem
683 3114 705 3164 Α
730 3110 892 3185 usurpavit,
916 3111 944 3166 id
969 3110 1047 3188 quod
1071 3109 1101 3166 in
1124 3115 1209 3167 textu

186 3213 366 3269 recensendo
397 3213 473 3269 haud
504 3213 587 3286 parvi
619 3212 760 3269 momenti
792 3221 844 3271 est.
890 3213 1064 3284 Afferamus,
1093 3213 1210 3289 quaeb

187 3315 380 3390 interposuit,
413 3322 443 3372 et
466 3332 674 3388 componamus
696 3334 762 3372 cum
785 3313 844 3371 illis
867 3314 954 3386 locis,
984 3315 1033 3372 ubi
1057 3317 1084 3372 A
1107 3334 1208 3372 eorum

188 3418 367 3477 mentionem
389 3417 460 3474 facit
482 3416 505 3472 B
528 3423 653 3476 tacente.
1002 3465 1050 3497 ree.
1069 3453 1096 3497 B.

304 3535 387 3582 reeb
502 3518 509 3611 ἱ
596 3548 644 3582 rec.
666 3537 687 3580 Α
772 3592 774 3613 ἰ
865 3536 939 3581 Laur.
1033 3518 1036 3597 l
1082 3537 1165 3582 rech

221 3617 264 3668 καὶ
299 3615 327 3669 τὰ
359 3616 492 3682 μέμφομαι
502 3620 509 3667 ΙΙ
1033 3668 1035 3687 Ι

186 3702 230 3753 καὶ
243 3697 358 3764 ὀνειδίζω
371 3700 415 3752 καὶ
425 3688 504 3768 erog-l

186 3787 222 3838 λῶ
254 3787 298 3838 καὶ
333 3764 504 3852 λοιδοροῡμαιΙ

186 3875 274 3938 δοτικῄ
311 3871 492 3924 σνντάσσουσιν

185 3958 291 4024 (Attici).
