2812 4710
104 423 165 488 dud
181 432 294 503 κοινοῦ,
317 427 487 510 ἕνερογενὲς,
511 425 765 509 ἓτεροπρόσυαον.
799 434 872 492 Nam
889 434 957 492 illae
973 433 1127 509 pertinent

103 535 139 591 ad
163 539 254 592 artem
277 534 505 609 grammaticam,
528 537 583 594 hae
606 537 641 593 ad
657 537 842 609 rhetoricam,
864 537 925 596 illis
945 537 1067 595 nomina
1088 557 1127 595 ex

103 637 296 713 scriptoribus
318 639 381 696 sive
404 638 582 711 hominibus,
605 639 655 717 qui
679 640 782 713 figuris
797 641 840 698 uti
856 640 999 713 solebant,
1022 641 1069 698 his
1088 660 1126 697 ex

103 759 135 797 re
156 739 250 797 indita
272 746 349 799 sunt.
384 740 508 798 Accedit
531 741 666 799 alterum.
697 742 727 798 Si
751 742 846 816 σχῆμα
869 737 1031 819 ἓτερογενὲς
1053 738 1127 818 (ἔστι

105 834 265 916 μετάβασις
296 833 356 898 ἀπο
387 837 489 920 μὲνους
519 838 561 911 εἷς
583 838 666 919 γένος
688 837 763 918 πρὸς
785 836 817 900 τό
842 837 1003 918 νοούμενον
1026 843 1125 903 addito

103 963 142 1002 ex
163 943 312 1018 Theologo
339 945 395 1002 hoc
417 944 553 1019 exemplo
577 940 650 1026 “nul
673 939 748 1022 παρ’
774 941 881 1003 ἑαυτοῦ
905 937 1001 1020 πνοὴν
1027 941 1127 1014 ἐνθεὶς

104 1039 122 1102 ii
145 1039 182 1120 dci
206 1039 313 1122 νοεροῖν
335 1037 436 1121 ψυχήν
460 1037 539 1103 οἶδεν
561 1038 579 1104 o‘
601 1039 720 1125 λόγος’)
752 1049 788 1104 ab
815 1049 917 1106 eodem
940 1052 1059 1106 auctore
1083 1054 1126 1107 at-

104 1169 161 1227 que
185 1154 298 1207 ceterae
321 1149 432 1223 figurae
455 1147 663 1222 grammaticae
682 1150 844 1223 profectum
862 1153 947 1219 esset,
971 1150 1128 1208 coniuncta

104 1256 203 1310 essent
233 1271 297 1310 cum
328 1252 382 1308 hac
409 1251 503 1326 figura
532 1270 663 1329 eaquae
686 1271 714 1326 p.
740 1256 778 1307 33
803 1253 839 1310 de
862 1253 999 1310 Euboeae
1021 1252 1127 1310 incolis

106 1354 263 1412 docentur:
290 1349 329 1410 Ol
350 1346 481 1427 Εὐβοεῖς
502 1356 564 1420 τοῖς
586 1356 733 1428 θηλυκοῖς
749 1347 889 1428 ὀνόμασιν
905 1345 1044 1430 liobsuind
1060 1370 1126 1410 ουν-

104 1449 263 1514 τασσουσιν
291 1452 422 1527 ἐπίθετα,
455 1446 495 1523 οῖς
523 1448 555 1512 τό
580 1447 655 1533 παρ’
685 1447 804 1537 Ὁμήρῳ
834 1449 960 1537 Ηαλυτός
987 1448 1127 1514 Ἱπποδά-

104 1559 194 1632 μεια”
217 1559 256 1635 (Β
273 1559 346 1634 742)
369 1559 427 1615 κτλ.
473 1559 559 1615 Nunc
590 1578 656 1617 cum
687 1558 843 1633 separatim
876 1559 1020 1633 legantur,
1051 1578 1126 1638 quae

102 1661 179 1721 ratio
207 1661 320 1721 conecti
343 1661 445 1734 iubet,
476 1660 677 1719 concludimus
705 1663 800 1736 σχῆμα
824 1657 985 1739 ἑτερογενὲς
1008 1662 1126 1719 aliunde

104 1764 290 1839 desumptum
320 1764 473 1839 postmodo
505 1752 696 1822 Lesbonactis
726 1764 866 1839 opusculo
896 1765 1031 1823 adsutum
1054 1783 1126 1822 esse.

189 1867 273 1924 Unde
304 1867 377 1924 istae
408 1865 520 1940 figurae
542 1864 654 1940 petitae
677 1867 736 1924 sint
758 1867 912 1944 quaerenti
934 1867 1127 1942 respondebi-

104 1990 168 2027 mus
192 1968 439 2026 Phoebammonis
462 1961 529 2043 περὶ
552 1960 707 2043 σχημάτων
729 1970 870 2044 opusculo
892 1969 1037 2043 inspecto.
1079 1968 1125 2026 Ibi

103 2072 181 2129 enim
212 2072 329 2128 eaedem
361 2070 475 2145 figurae
504 2076 679 2142 occurrunt,
709 2071 760 2128 sed
790 2070 832 2129 ita
854 2077 887 2128 nt
908 2071 1000 2130 totius
1022 2070 1125 2142 libelli,

104 2194 162 2252 quo
185 2173 349 2232 rhetoricae
371 2173 483 2247 figurae
506 2177 677 2245 tractantur,
701 2172 824 2232 consilio
845 2179 875 2232 et
889 2173 998 2232 rationi
1014 2173 1125 2248 optime

103 2275 289 2335 conveniant.
334 2279 434 2353 Atque
467 2274 519 2332 ille
551 2295 710 2334 consensus
742 2283 786 2334 cst
818 2296 852 2334 eo
884 2274 1016 2351 gravior,
1047 2278 1124 2354 quod

103 2378 214 2452 figurae
237 2373 408 2454 ἕτερονενές,
431 2370 685 2454 ἕτεροπρόσωπον,
710 2372 907 2455 ἕτεράμιθμον
929 2397 946 2435 a
967 2377 1049 2435 nullo
1066 2378 1123 2434 alio

105 2480 177 2537 artis
192 2480 357 2539 rhetoricae
372 2487 490 2538 auctore
507 2479 615 2538 eisdem
633 2481 801 2539 nominibus
817 2482 1016 2556 proferuntur.
1039 2480 1124 2537 Unde

103 2601 152 2639 eas
175 2602 213 2640 ex
234 2582 482 2640 Phoebammonis
503 2581 579 2640 libro
602 2582 633 2638 in
658 2588 790 2642 nostrum
813 2584 971 2642 translatas
987 2601 1049 2640 esse
1066 2573 1124 2640 col·

103 2684 230 2758 ligimus.
275 2685 351 2744 Sane
374 2689 493 2743 exstant
516 2685 709 2744 differentiae.
756 2685 836 2748 Quas
859 2685 1005 2764 quomodo
1030 2683 1125 2759 expli-

103 2806 211 2865 cemus,
233 2788 387 2866 utriusque
410 2787 537 2846 auctoris
559 2787 658 2846 verbis
682 2790 736 2846 sub
758 2809 818 2846 uno
842 2793 1001 2863 conspectu
1021 2786 1125 2862 positis

105 2889 209 2948 melius
231 2890 451 2965 perspiciemus.

220 3010 346 3070 Lesbon.
369 3029 426 3068 rec.
450 3009 482 3068 Β.
626 3011 848 3069 Phoebammon
871 3009 978 3084 (Walz,
1005 3009 1050 3066 rh.
1075 3007 1123 3065 Gr.

649 3112 733 3169 VIlI.
750 3111 887 3186 Spengel,
904 3112 949 3169 rh.
962 3110 1010 3168 Gr.
1028 3109 1102 3184 III).

144 3206 398 3291 Ἐπεξήγησίς
427 3210 503 3271 ἔστιν
529 3208 598 3271 cioc-
669 3212 1021 3289 (W.p.500.sp.p.47.)
1044 3205 1124 3268 Ἐπ-

102 3319 181 3389 φοῦς
210 3314 314 3388 λέξεως
343 3308 364 3391 ἢ
386 3309 476 3392 λόγου
505 3334 599 3390 σαφη-
627 3308 809 3392 εξήγησις
832 3312 865 3372 δέ
888 3312 964 3373 ἐστιν
987 3307 1125 3387 docueris

105 3412 217 3493 νιομός.
234 3415 336 3487 λέξεως
351 3413 403 3492 μὲν
420 3410 460 3487 οῖς
477 3411 507 3476 td
529 3414 607 3499 (λαβὲ
626 3413 727 3488 λέξεως
757 3409 777 3493 ἢ
807 3411 897 3495 λόγου
927 3414 1122 3491 σαφηνισμός.

101 3514 152 3578 τόν
176 3513 357 3595 οἶκινάκηνῖῖ
373 3517 432 3579 ἔστι
451 3513 600 3598 Περσικόν
626 3517 728 3590 λέξεως
757 3514 809 3594 μὲν
841 3511 882 3588 οῖς
915 3516 941 3576 εἰ
967 3515 1059 3597 λέγων
1081 3540 1125 3588 τις

101 3621 298 3699 ξιφίδιον’1).
333 3618 422 3702 λόγου
448 3618 479 3680 δὲ
503 3615 544 3692 οῖς
566 3616 598 3680 cci
627 3613 800 3704 ‘cintreium'
841 3621 997 3697 commulcet
1032 3617 1124 3698 λέγων

102 3717 143 3807 “o‘
166 3717 247 3794 οἶκος
279 3712 366 3794 οὗτος
391 3723 518 3800 βεβαίως
542 3717 793 3805 οὗκΙιΠεροικὸν
816 3715 891 3783 εἶναι
907 3723 991 3796 ξίφος
1006 3717 1123 3782 τοιόνδε

102 3826 241 3898 οἰκεῖται,
270 3825 344 3905 λέγω
376 3822 407 3886 δὲ
437 3819 477 3896 οῖς
500 3826 531 3885 οἱ
551 3779 675 3903 pai-incl
699 3820 879 3905 toidvds'l).
911 3821 999 3905 λόγου
1030 3822 1061 3884 δὲ
1084 3819 1124 3896 οῖς

172 3967 197 4026 1)
214 3964 353 4026 Respicitur
382 3964 449 4010 locus
474 3965 631 4012 Herodoteus
651 3964 766 4011 v1154:
802 3956 939 4026 εὐξάμενος
965 3959 994 4012 δὲ
1018 3959 1124 4029 ἐσέβαλε
