2812 4710
597 248 808 319 -78-
1168 248 1212 312 tv

188 428 285 502 gentis
308 429 431 487 verbum
453 425 643 502 singulariter
665 427 794 502 positum
817 427 853 484 ab
877 427 1050 486 Aristarcho
1073 428 1215 486 observa·

187 536 247 589 tam
277 549 341 589 csse
371 530 458 590 valde
488 529 641 605 probabile
674 529 768 604 est1).
813 530 932 589 Scholia
953 529 1033 588 enim
1056 530 1216 589 Pindarico

188 653 252 691 eam
275 633 391 709 saepius
414 637 528 705 notant,
550 631 633 690 velut
655 633 690 689 ad
714 633 802 709 Pytb.
827 632 869 691 lV
893 636 969 691 436:

342 729 377 804 ὃς
398 727 484 811 πάχει
506 729 592 809 μα’κει
615 753 645 792 τε
667 727 903 814 πεντηκόντορον
925 736 999 793 ναῦν
1021 729 1131 813 κράτει,

342 833 452 895 τέλεσεν
474 829 512 894 ἓν
535 833 642 915 πλαγαὶ
666 830 798 915 σιδάρου.

274 941 383 1000 schol:
412 933 449 997 Ab
482 935 589 1017 πληγαὶ
618 932 759 1020 σιδάρου]
787 934 890 1015 ἥντινα
914 944 991 999 ναῦν
1013 938 1217 1019 συνεπὲρανον

189 1042 222 1101 οἱ
248 1044 301 1102 τοῦ
332 1035 458 1120 σιδήρου
490 1041 607 1119 πληγαί.
660 1035 748 1100 πάλιν
779 1043 820 1122 τῷ
853 1036 978 1116 συνήθει
1008 1036 1130 1118 σχήματι
1163 1041 1216 1102 καὶ

189 1140 290 1228 τρόπον
313 1142 447 1222 κέχρηται
471 1140 504 1203 τὸ
527 1138 626 1203 ἕνικὸν
654 1146 694 1225 τῷ
717 1147 911 1226 πληθυντικῷ
933 1139 1086 1217 συζεύξας,
1115 1147 1218 1204 καίτοι

189 1242 286 1326 παρὸν
316 1245 409 1306 εἰπεῖν
440 1245 489 1306 καὶ
514 1245 687 1327 ιτὲλεσσανῖ
731 1241 875 1326 γράφεται
904 1244 934 1306 δὲ
963 1245 1013 1306 καὶ
1036 1245 1188 1328 (τέλεσσαν
1199 1248 1216 1308 ⁷.

273 1353 320 1411 Ad
343 1353 474 1430 Pyth.x
496 1356 569 1411 110:
734 1344 801 1410 ἕνθ’
827 1347 970 1429 ἀγαθοῖσι
992 1355 1084 1410 κεῖται

462 1446 608 1531 πατρώιοι
630 1448 729 1512 κεδναὶ
753 1452 863 1512 πολίων
887 1450 1084 1532 κυβερνάσιες.

275 1559 383 1617 schol:
407 1553 439 1615 ἐκ
462 1551 494 1614 δὲ
516 1548 624 1614 τούτου
647 1553 697 1614 καὶ
720 1554 752 1614 οἱ
772 1551 858 1632 νόμοι
880 1558 939 1616 τῶν
961 1554 1097 1635 πατέρων
1113 1551 1218 1616 αὐτῶν

189 1658 221 1719 ἒν
246 1658 389 1741 Θεσσαλία
412 1653 594 1718 ἀπόκεινται.
626 1661 666 1740 τῷ
696 1652 751 1738 γαρ
776 1659 913 1740 αιιεῑται”
938 1652 1003 1718 ἀντὶ
1024 1663 1079 1719 τοῦ
1101 1664 1215 1720 κεῖνται

189 1755 330 1837 συνήθως
353 1764 393 1844 τῷ
417 1756 541 1839 σχήματι
564 1758 709 1840 κέχρηται,

275 1867 318 1924 Of.
342 1871 495 1943 praeterea
517 1865 609 1925 schol.
633 1865 678 1926 01.
701 1867 731 1923 X
758 1871 774 1922 5
798 1867 885 1943 Pyth.
909 1867 1004 1925 1185
1029 1868 1072 1926 IV
1100 1873 1170 1926 100.

276 1969 332 2027 His
361 1968 539 2027 testimoniis
569 1975 692 2044 apparet
722 1969 780 2025 iam
807 1968 1009 2028 Aristarchum
1041 1972 1217 2031 observasse

188 2072 254 2131 illas
280 2072 404 2147 figuras,
437 2091 510 2150 quas
540 2071 722 2130 recentiores
752 2072 934 2146 grammatici
958 2073 1051 2150 Ibyci,
1083 2074 1218 2143 Pindari,

188 2175 339 2235 Alcmanis
370 2176 490 2234 nomine
519 2175 662 2249 insignire
694 2175 799 2244 solent,
830 2175 907 2250 apud
939 2175 992 2234 bos
1022 2182 1081 2234 tres
1111 2184 1218 2251 poetas

188 2279 360 2356 frequenter
382 2278 531 2350 inveniri3
555 2282 585 2334 et
607 2276 686 2355 quod
701 2277 843 2336 rationem
860 2277 1001 2356 loquendi
1018 2280 1054 2337 ab
1070 2279 1216 2339 Alcmane

187 2381 367 2439 nominatam
400 2380 520 2457 proprio
547 2380 666 2438 nomine
689 2371 884 2451 Ἀλκμανικόν
907 2382 954 2456 (ad
979 2382 1058 2460 quod
1081 2401 1098 2440 e
1121 2384 1215 2442 schol.

188 2485 222 2542 ll.
247 2481 330 2553 ἔθος,
358 2504 373 2541 e
397 2483 489 2542 schol.
514 2482 569 2540 Od.
592 2482 687 2556 σχῆμα
709 2483 942 2542 subaudiendum
966 2487 1022 2560 est)
1052 2476 1236 2560 significari'

189 2586 374 2644 Aristonicus
396 2586 511 2644 duobus
533 2590 613 2643 certe
636 2584 709 2643 locis
731 2618 772 2629 ——
796 2585 905 2664 quibus
927 2587 1047 2646 tertium
1072 2589 1177 2661 (schol.
1198 2611 1216 2646 κ

191 2687 263 2763 513)
286 2689 425 2746 accedere
447 2687 600 2763 probabile
624 2694 668 2746 est
684 2725 723 2732 —
741 2687 954 2765 pronuntiavit,
970 2689 1028 2747 inm
1041 2691 1214 2751 Aristarcho

188 2791 269 2848 illum
298 2790 528 2867 appellationem
550 2783 743 2863 Ἀλκμανικόν
766 2789 839 2860 ἔθος
867 2793 929 2853 sive
952 2794 1048 2868 σχῆμα
1060 2793 1089 2870 ²)
1112 2803 1213 2854 notam

187 2895 278 2953 fuisse
301 2892 547 2953 verisimillimum
571 2900 623 2953 est.
669 2893 751 2956 (luae
785 2896 933 2954 sententia
955 2916 989 2954 eo
1012 2897 1214 2971 confirmatur,

189 2999 267 3075 quod
286 2989 386 3055 'lunia
408 2992 481 3065 ἔθος
503 2998 539 3055 ab
557 2997 727 3056 Aristarcho
743 3004 1001 3058 commemoratum
1016 3020 1080 3059 esse
1104 3000 1213 3061 diserte

189 3100 296 3160 dicitur
325 3100 416 3160 schol.
440 3098 461 3174 β
485 3105 545 3158 206
577 3101 617 3177 (v.
642 3100 729 3176 paulo
754 3106 821 3177 post
843 3122 872 3177 p.
897 3101 958 3178 82).
1004 3101 1090 3164 (tuoe
1113 3113 1212 3164 autem

189 3203 223 3260 de
247 3202 340 3276 figura
362 3203 534 3263 Alcmanica
556 3204 643 3276 valet,
666 3205 743 3262 idem
766 3204 797 3261 in
820 3211 933 3263 ceteras
954 3205 1113 3280 lyricorum
1136 3207 1213 3282 figu-

187 3323 234 3361 ras
257 3306 359 3364 cadere
383 3311 611 3365 consentaneum
634 3313 687 3364 est.

274 3406 432 3470 Quaeritur
453 3427 551 3482 porro,
581 3428 650 3467 num
680 3414 796 3469 veteres
829 3411 901 3470 alias
923 3412 1032 3488 figuras
1058 3418 1212 3489 poetarum

188 3510 307 3568 nomine
337 3510 561 3585 appellaverint.
614 3511 734 3569 Nullum
766 3513 943 3589 investigavi
974 3517 1144 3592 exemplum
1174 3537 1212 3576 ne

258 3764 283 3826 1)
301 3766 332 3811 cf.
351 3765 421 3813 Hcrn
439 3768 455 3813 1.
473 3767 488 3812 l.
507 3782 531 3829 p.
551 3769 592 3821 80,

257 3850 283 3911 2)
301 3851 371 3912 Ibyci
384 3853 558 3912 proprietatem
571 3855 726 3902 Aristonicus
740 3852 830 3921 σχῆμα
847 3857 985 3905 nominavit
1003 3864 1025 3905 et
1037 3861 1098 3906 alias
1112 3876 1210 3921 quoque

188 3937 213 3983 in
233 3937 284 3983 eins
303 3939 484 3987 commentariis
502 3940 617 3988 vocabuli
637 3935 772 4007 σχήματος
790 3942 904 4000 lrcqusus
923 3957 988 3993 usus.
