2812 4710
607 240 817 317 -6'2-
1173 242 1223 312 m

196 448 249 505 prc
265 420 359 505 ἥρωες
382 429 542 487 scriberet:
567 419 642 504 ιτρός
656 419 709 495 ταὶς
725 424 891 504 συνωρίδας
910 417 957 494 αἷς
976 423 1102 500 ἐχρῶντο
1127 427 1224 503 Τρῶες

195 523 228 588 τό
252 523 366 588 δυϊκόν.

282 654 309 709 p.
322 639 370 715 30,
384 639 420 691 10
432 636 465 691 L.
490 635 628 707 χρᾶσθαι.
640 633 810 691 Promiscue
821 633 844 688 L
854 633 985 708 χρᾶσθαι
995 641 1024 689 et
1033 631 1165 706 χρῆσθαι
1174 650 1225 688 ex-

196 737 298 794 hibet:
319 738 448 812 χρᾶσθαι
471 757 499 812 p.
523 741 572 808 41,
597 742 622 794 1.
647 741 696 808 42,
723 731 781 815 ll2.
808 740 856 806 50,
883 740 929 792 16.
954 740 1002 806 53,
1030 737 1066 790 17
1093 735 1227 808 χρῆσθαι

195 858 225 913 p.
247 839 297 910 47,
328 844 374 896 13.
401 844 449 915 53,
468 844 496 896 4.
521 843 569 909 54,
588 842 615 896 7.
661 837 725 900 Qua
757 839 787 894 in
820 859 851 896 re
881 856 939 894 non
974 837 1102 895 offendo.
1150 837 1225 892 Nam

197 941 372 1015 scripturam
395 941 476 999 vocis
498 942 629 1016 χρῆσθαι
657 945 753 1017 pero}
784 959 850 998 cum
882 941 1017 1014 ingressu
1040 939 1226 996 Macedonici

197 1045 262 1102 aevi
292 1094 307 1122 a
316 1044 504 1118 scaturiginis
534 1044 628 1103 instar
657 1045 707 1102 hic
729 1045 770 1101 ibi
794 1040 943 1102 emicare”
971 1042 1073 1101 docuit
1103 1042 1226 1099 Lobeck

196 1148 309 1223 Phryn.
325 1167 353 1222 p.
372 1151 421 1218 61,
438 1147 474 1204 cf.
491 1147 703 1221 Dittenberger
718 1147 737 1204 S
752 1147 769 1202 J
789 1166 833 1204 nr.
853 1151 911 1203 126
923 1164 955 1209 50
978 1164 1053 1203 saec.
1070 1145 1139 1201 iva.
1158 1145 1225 1202 cnr.

196 1269 255 1322 ex,
277 1268 322 1307 nr.
341 1250 441 1311 17010
465 1268 539 1306 saec.
561 1248 612 1307 111
635 1268 660 1306 a.
684 1249 752 1308 chr.
775 1250 850 1307 med.
908 1249 1012 1325 Neque
1041 1245 1227 1305 recensionis

197 1357 363 1422 auctorem,
395 1372 482 1429 quem
512 1352 676 1426 posteriore
706 1359 840 1427 tempore
870 1351 981 1410 vixisse
1013 1349 1226 1420 demonstravi,

198 1454 283 1510 modo
308 1455 362 1512 hac
384 1456 470 1511 modo
494 1454 544 1511 illa
566 1455 649 1512 verbi
672 1454 767 1512 forma
782 1474 867 1511 usum
893 1473 957 1511 esse
973 1453 1080 1510 mirum
1095 1453 1225 1511 videtur.

198 1557 318 1634 Reliqui
335 1564 431 1615 autem
444 1557 467 1612 B
484 1565 582 1628 testes,
600 1557 649 1634 qui
665 1557 797 1632 χρᾶσθαι
811 1556 953 1630 ignorant
967 1554 998 1631 (b
1014 1554 1123 1612 infinit.
1135 1573 1163 1629 p.
1176 1559 1225 1624 42,

202 1656 259 1739 ll2,
282 1659 405 1738 reliquis
427 1660 446 1716 l.
469 1661 608 1736 χρῶνται)
632 1661 655 1716 L
679 1660 854 1718 auctoritate
878 1678 936 1716 non
960 1658 1165 1736 aequiperant.

283 1783 310 1838 p.
321 1767 369 1834 39,
388 1760 436 1840 ltl
441 1768 476 1820 16
489 1769 524 1820 A.
541 1759 590 1819 ἐπὶ
602 1754 767 1836 αἰτιατικὴν
778 1757 914 1836 ἐκφέρειν
924 1760 1072 1835 significet
1085 1779 1167 1837 ,cum
1180 1769 1228 1817 ac·'

199 1866 332 1925 cusativo
349 1864 540 1940 coniungere’
558 1867 640 1924 velut
661 1865 692 1921 in
708 1865 894 1923 antecedenti
911 1863 1006 1936 figure
1021 1864 1062 1938 (p.
1082 1866 1132 1933 39,
1153 1866 1165 1919 l
1184 1862 1224 1936 Δ)

198 1975 279 2026 recte
302 1968 410 2042 legitur
433 1961 504 2023 dttd
527 1964 576 2024 καὶ
601 1961 635 2023 roi
658 1960 775 2042 ῥήματα
803 1958 821 2022 ii
843 1967 944 2046 γενικῇ
968 1959 1075 2021 πτώσει
1098 1956 1224 2020 σννταὶσ·

198 2086 285 2142 σεται,
323 2065 498 2146 ἐκφέρουσιν
523 2067 569 2126 ἐπὶ
594 2063 768 2144 αἰτιατικὴν.
820 2068 1016 2127 confirmatur
1039 2069 1112 2125 haec
1135 2067 1224 2124 dictio

201 2172 301 2232 multis
325 2172 396 2231 locis
418 2174 517 2248 Apoll.
541 2174 639 2249 Dysc,
663 2173 714 2251 qui
738 2168 902 2250 ,φέρεσθαι
924 2166 971 2228 §nt
996 2189 1020 2228 c.
1038 2167 1112 2228 ecc’
1138 2188 1225 2226 sensu

199 2277 386 2335 construendi
412 2296 476 2333 cum
499 2276 598 2355 aliquo
622 2295 691 2333 casu
713 2294 855 2350 usurpare
878 2275 971 2332 solet:
996 2274 1032 2331 cf.
1056 2272 1093 2330 de
1117 2280 1226 2331 constr.

200 2400 227 2455 p.
246 2383 316 2451 aco,
338 2378 382 2450 17,
398 2385 446 2449 aa,
460 2384 509 2436 ao.
534 2380 604 2450 101,
622 2383 669 2450 15,
685 2384 732 2436 eo.
758 2382 867 2448 naec,
885 2378 1133 2459 1000011111.
1170 2375 1225 2432 een

199 2493 299 2540 noster
307 2482 432 2556 scriptor
440 2483 560 2538 nomina
570 2501 638 2539 casu
648 2481 814 2539 accusativo
824 2479 949 2556 proferri
960 2496 1110 2553 exponere
1119 2477 1226 2537 voluit.

284 2604 313 2659 p.
331 2588 379 2655 40,
398 2588 496 2640 6-11
525 2591 550 2642 Α
571 2586 612 2641 ite
627 2584 848 2659 interpretanda
863 2590 947 2640 sunt:
972 2581 1120 2637 Homerus
1135 2582 1227 2640 verba

199 2687 241 2744 ita
257 2694 428 2744 construere
445 2688 554 2757 debuit,
578 2695 611 2744 ut
629 2706 735 2743 nomen
752 2706 805 2761 pro
822 2687 968 2744 adiectivo
984 2692 1109 2759 poneret
1131 2682 1228 2758 (velut

199 2788 229 2845 in
243 2788 379 2863 exemplo
391 2790 476 2845 modo
487 2788 575 2846 allato
587 2782 728 2866 ,Ἕλληνα
738 2782 863 2865 στρατόν
872 2785 886 2813 ”
897 2779 961 2844 ἀντὶ
975 2787 1025 2844 τοῦ
1033 2776 1227 2863 Ἑλληνικόν),

201 2890 257 2948 nisi
282 2889 400 2947 Graecis
430 2890 561 2948 licuisset
593 2892 713 2948 nomine
741 2890 914 2948 relationem
943 2890 1089 2966 quandam
1112 2889 1227 2962 signifi·

200 2993 298 3049 cantia
319 2992 434 3050 ratione
457 2993 593 3068 exposita
611 3012 678 3050 cesu
701 2993 867 3051 accusativo
884 3012 948 3050 cum
965 2991 1141 3050 accusativis
1158 3011 1228 3049 eon-

199 3095 332 3169 iungere.
377 3096 432 3154 His
455 3105 556 3170 aperte
578 3098 753 3166 refutantur,
786 3095 890 3173 quiin
915 3094 979 3152 loco
1002 3093 1127 3152 Homeri
1153 3115 1226 3172 „yv-

201 3196 311 3254 ναῐκα”
336 3218 388 3273 pro
413 3199 557 3256 adiectivo
581 3206 753 3273 usurpatum
777 3217 840 3255 esse
856 3197 1045 3256 arbitrantur.
1080 3196 1229 3270 Displicet

199 3309 297 3358 temen
322 3313 352 3359 et
375 3301 452 3378 quod
476 3300 582 3375 plurali
606 3320 728 3357 numero
753 3301 859 3358 dicitur
874 3301 938 3366 ταῖς
954 3291 1103 3366 τοιαύταις
1119 3293 1225 3355 συντά-

200 3401 288 3472 ξεσιν,
313 3421 479 3480 quanquam
504 3404 538 3459 de
561 3423 620 3459 uno
643 3401 813 3459 1011οΩ58
837 3402 943 3475 agitur,
967 3410 997 3459 et
1020 3404 1096 3479 qnod
1121 3421 1226 3476 perum

200 3512 333 3564 accurate
364 3498 647 3576 101111111οἝ11ηνες
676 3506 904 3563 substituuntur.
949 3505 1072 3562 Accedit
1094 3506 1227 3563 tertium.

201 3608 306 3686 Neque
329 3608 407 3665 enim
434 3608 554 3664 Homeri
577 3615 641 3666 erat
662 3608 753 3665 verba
775 3608 818 3665 ite
840 3615 1018 3678 construere,
1042 3613 1076 3665 ut
1098 3611 1228 3685 „yvoni-

199 3707 260 3766 κα”
290 3730 343 3785 pro
367 3710 512 3768 adieetivo
543 3711 671 3786 positum
695 3710 861 3779 videretur,
891 3710 940 3766 sed
968 3711 1226 3781 grammaticorum

200 3812 295 3870 locum
328 3814 369 3870 ita
398 3813 596 3888 interpretari.
647 3811 762 3874 Quibus
794 3811 888 3870 causis
927 3813 998 3868 mihi
1030 3814 1152 3871 suborta
1182 3823 1226 3870 est

200 3914 326 3990 suspicio
350 3914 595 3989 interpolationis.
620 3949 660 3956 -
684 3916 730 3972 Ab
755 3916 857 3972 eodem
880 3914 956 3972 forte
980 3914 1098 3971 homine
1122 3936 1150 3990 p.
1177 3920 1226 3987 40,
