<?xml version="1.0" encoding="UTF-8"?>
<!DOCTYPE html PUBLIC "-//W3C//DTD XHTML 1.0 Transitional//EN"
    "http://www.w3.org/TR/xhtml1/DTD/xhtml1-transitional.dtd">
<html xmlns="http://www.w3.org/1999/xhtml" xml:lang="en" lang="en">
 <head>
  <title>
</title>
<meta http-equiv="Content-Type" content="text/html;charset=utf-8" />
  <meta name='ocr-system' content='tesseract 3.04.00' />
  <meta name='ocr-capabilities' content='ocr_page ocr_carea ocr_par ocr_line ocrx_word'/>
</head>
<body>
  <div class='ocr_page' id='page_1' title='image "./delesbonactegra00muelgoog_0029.png"; bbox 0 0 2812 4710; ppageno 0'>
   <div class='ocr_carea' id='block_1_1' title="bbox 582 276 1212 350">
    <p class='ocr_par' dir='ltr' id='par_1_1' title="bbox 582 276 1212 350">
     <span class='ocr_line' id='line_1_1' title="bbox 582 276 1212 350; baseline -0.006 -8"><span class='ocrx_word' id='word_1_1' title='bbox 582 276 794 343; x_wconf 81' lang='lat'><em>-22-</em></span> <span class='ocrx_word' id='word_1_2' title='bbox 1175 280 1212 350; x_wconf 63' lang='grc' dir='ltr'>Ι,</span> 
     </span>
    </p>
   </div>
   <div class='ocr_carea' id='block_1_2' title="bbox 284 449 1213 940">
    <p class='ocr_par' dir='ltr' id='par_1_2' title="bbox 284 449 1213 940">
     <span class='ocr_line' id='line_1_2' title="bbox 284 449 1213 532; baseline 0.002 -23"><span class='ocrx_word' id='word_1_3' title='bbox 284 460 312 512; x_wconf 86' lang='grc'>8.</span> <span class='ocrx_word' id='word_1_4' title='bbox 337 451 523 511; x_wconf 70' lang='lat' dir='ltr'>Matritensis</span> <span class='ocrx_word' id='word_1_5' title='bbox 540 458 579 510; x_wconf 83' lang='lat'>95</span> <span class='ocrx_word' id='word_1_6' title='bbox 603 452 768 528; x_wconf 88' lang='lat' dir='ltr'>descriptus</span> <span class='ocrx_word' id='word_1_7' title='bbox 791 453 828 509; x_wconf 92' lang='lat' dir='ltr'>ab</span> <span class='ocrx_word' id='word_1_8' title='bbox 851 449 973 510; x_wconf 87' lang='lat' dir='ltr'>Iriertio</span> <span class='ocrx_word' id='word_1_9' title='bbox 998 450 1120 532; x_wconf 62' lang='lat' dir='ltr'>“regiae</span> <span class='ocrx_word' id='word_1_10' title='bbox 1144 450 1213 511; x_wconf 90' lang='lat' dir='ltr'>bib·</span> 
     </span>
     <span class='ocr_line' id='line_1_3' title="bbox 335 552 1212 615; baseline 0.001 -2"><span class='ocrx_word' id='word_1_11' title='bbox 335 556 484 614; x_wconf 82' lang='lat' dir='ltr'>liothccae</span> <span class='ocrx_word' id='word_1_12' title='bbox 515 555 701 615; x_wconf 72' lang='lat' dir='ltr'>Matritensis</span> <span class='ocrx_word' id='word_1_13' title='bbox 734 555 817 612; x_wconf 87' lang='lat' dir='ltr'>codd.</span> <span class='ocrx_word' id='word_1_14' title='bbox 850 552 956 613; x_wconf 83' lang='lat' dir='ltr'>Graeci</span> <span class='ocrx_word' id='word_1_15' title='bbox 991 574 1059 612; x_wconf 88' lang='lat' dir='ltr'>mss.</span> <span class='ocrx_word' id='word_1_16' title='bbox 1089 554 1153 614; x_wconf 82' lang='lat' dir='ltr'>vol.</span> <span class='ocrx_word' id='word_1_17' title='bbox 1184 555 1212 614; x_wconf 83' lang='lat' dir='ltr'>I.</span> 
     </span>
     <span class='ocr_line' id='line_1_4' title="bbox 335 654 1212 730; baseline 0 -15"><span class='ocrx_word' id='word_1_18' title='bbox 335 656 456 716; x_wconf 83' lang='lat' dir='ltr'>Madrid</span> <span class='ocrx_word' id='word_1_19' title='bbox 473 656 509 714; x_wconf 85' lang='grc'>17</span> <span class='ocrx_word' id='word_1_20' title='bbox 515 659 591 716; x_wconf 85' lang='lat'><strong>69”:</strong></span> <span class='ocrx_word' id='word_1_21' title='bbox 615 660 708 716; x_wconf 87' lang='lat' dir='ltr'>chart.</span> <span class='ocrx_word' id='word_1_22' title='bbox 723 657 756 714; x_wconf 91' lang='lat' dir='ltr'>in</span> <span class='ocrx_word' id='word_1_23' title='bbox 772 662 811 730; x_wconf 90' lang='grc'>4.,</span> <span class='ocrx_word' id='word_1_24' title='bbox 834 662 915 715; x_wconf 88' lang='grc'>16166</span> <span class='ocrx_word' id='word_1_25' title='bbox 930 654 1121 716; x_wconf 79' lang='lat' dir='ltr'>Constantini</span> <span class='ocrx_word' id='word_1_26' title='bbox 1137 658 1212 715; x_wconf 87' lang='lat' dir='ltr'>Las-</span> 
     </span>
     <span class='ocr_line' id='line_1_5' title="bbox 337 757 1212 837; baseline -0.001 -18"><span class='ocrx_word' id='word_1_27' title='bbox 337 758 446 819; x_wconf 86' lang='lat' dir='ltr'>ceridis</span> <span class='ocrx_word' id='word_1_28' title='bbox 477 780 566 818; x_wconf 85' lang='lat' dir='ltr'>manu</span> <span class='ocrx_word' id='word_1_29' title='bbox 590 768 738 819; x_wconf 84' lang='lat' dir='ltr'>exaratus.</span> <span class='ocrx_word' id='word_1_30' title='bbox 785 761 969 837; x_wconf 90' lang='lat' dir='ltr'>Opusculum</span> <span class='ocrx_word' id='word_1_31' title='bbox 992 763 1128 818; x_wconf 88' lang='lat' dir='ltr'>nostrum</span> <span class='ocrx_word' id='word_1_32' title='bbox 1149 757 1212 818; x_wconf 88' lang='lat' dir='ltr'>ino.</span> 
     </span>
     <span class='ocr_line' id='line_1_6' title="bbox 336 862 459 940; baseline 0.016 -20"><span class='ocrx_word' id='word_1_33' title='bbox 336 885 363 940; x_wconf 89' lang='lat' dir='ltr'>p.</span> <span class='ocrx_word' id='word_1_34' title='bbox 388 862 459 922; x_wconf 83' lang='lat'><strong>377.</strong></span> 
     </span>
    </p>
   </div>
   <div class='ocr_carea' id='block_1_3' title="bbox 134 979 1212 1063">
    <p class='ocr_par' dir='ltr' id='par_1_3' title="bbox 134 979 1212 1063">
     <span class='ocr_line' id='line_1_7' title="bbox 134 979 1212 1063; baseline -0.005 -20"><span class='ocrx_word' id='word_1_35' title='bbox 134 986 173 1063; x_wconf 83' lang='grc'>(1)</span> <span class='ocrx_word' id='word_1_36' title='bbox 286 989 313 1043; x_wconf 79' lang='lat'>4.</span> <span class='ocrx_word' id='word_1_37' title='bbox 338 982 532 1043; x_wconf 84' lang='lat' dir='ltr'>Florentinne</span> <span class='ocrx_word' id='word_1_38' title='bbox 553 983 630 1058; x_wconf 87' lang='lat' dir='ltr'>plut.</span> <span class='ocrx_word' id='word_1_39' title='bbox 653 983 706 1041; x_wconf 85' lang='lat' dir='ltr'>LV</span> <span class='ocrx_word' id='word_1_40' title='bbox 729 984 791 1042; x_wconf 87' lang='lat' dir='ltr'>cod.</span> <span class='ocrx_word' id='word_1_41' title='bbox 818 987 866 1058; x_wconf 84' lang='lat'>14,</span> <span class='ocrx_word' id='word_1_42' title='bbox 898 983 1020 1041; x_wconf 90' lang='lat' dir='ltr'>membr.</span> <span class='ocrx_word' id='word_1_43' title='bbox 1042 980 1074 1039; x_wconf 92' lang='lat' dir='ltr'>in</span> <span class='ocrx_word' id='word_1_44' title='bbox 1099 985 1127 1039; x_wconf 79' lang='lat'>4.</span> <span class='ocrx_word' id='word_1_45' title='bbox 1155 979 1212 1039; x_wconf 90' lang='lat' dir='ltr'>mi-</span> 
     </span>
    </p>
   </div>
   <div class='ocr_carea' id='block_1_4' title="bbox 336 1084 1212 1265">
    <p class='ocr_par' dir='ltr' id='par_1_4' title="bbox 336 1084 1212 1265">
     <span class='ocr_line' id='line_1_8' title="bbox 336 1084 1212 1163; baseline -0.002 -19"><span class='ocrx_word' id='word_1_46' title='bbox 336 1084 403 1144; x_wconf 90' lang='lat' dir='ltr'>nori</span> <span class='ocrx_word' id='word_1_47' title='bbox 435 1106 457 1142; x_wconf 92' lang='lat' dir='ltr'>s.</span> <span class='ocrx_word' id='word_1_48' title='bbox 481 1085 549 1143; x_wconf 89' lang='lat' dir='ltr'>XV.</span> <span class='ocrx_word' id='word_1_49' title='bbox 581 1085 711 1163; x_wconf 86' lang='lat' dir='ltr'>optimae</span> <span class='ocrx_word' id='word_1_50' title='bbox 744 1086 926 1163; x_wconf 87' lang='lat' dir='ltr'>scripturae,</span> <span class='ocrx_word' id='word_1_51' title='bbox 969 1084 1028 1143; x_wconf 87' lang='lat' dir='ltr'>ine.</span> <span class='ocrx_word' id='word_1_52' title='bbox 1062 1087 1212 1143; x_wconf 82' lang='lat' dir='ltr'>tractatus</span> 
     </span>
     <span class='ocr_line' id='line_1_9' title="bbox 339 1188 644 1265; baseline 0.003 -18"><span class='ocrx_word' id='word_1_53' title='bbox 339 1210 369 1248; x_wconf 92' lang='lat' dir='ltr'>n.</span> <span class='ocrx_word' id='word_1_54' title='bbox 386 1188 438 1247; x_wconf 84' lang='lat' dir='ltr'>VI.</span> <span class='ocrx_word' id='word_1_55' title='bbox 462 1207 491 1263; x_wconf 92' lang='lat' dir='ltr'>p.</span> <span class='ocrx_word' id='word_1_56' title='bbox 508 1189 594 1248; x_wconf 84' lang='grc'>2121)</span> <span class='ocrx_word' id='word_1_57' title='bbox 607 1188 644 1265; x_wconf 90' lang='grc'>1).</span> 
     </span>
    </p>
   </div>
   <div class='ocr_carea' id='block_1_5' title="bbox 183 1361 386 1372">
    <p class='ocr_par' dir='ltr' id='par_1_5' title="bbox 183 1361 386 1372">
     <span class='ocr_line' id='line_1_10' title="bbox 183 1361 386 1372; baseline -0.015 0"><span class='ocrx_word' id='word_1_58' title='bbox 183 1361 386 1372; x_wconf 74' lang='grc'>--</span> 
     </span>
    </p>
   </div>
   <div class='ocr_carea' id='block_1_6' title="bbox 183 1459 1219 3490">
    <p class='ocr_par' dir='ltr' id='par_1_6' title="bbox 183 1459 1219 3490">
     <span class='ocr_line' id='line_1_11' title="bbox 252 1459 1212 1527; baseline 0 -19"><span class='ocrx_word' id='word_1_59' title='bbox 252 1459 277 1527; x_wconf 93' lang='lat'>1)</span> <span class='ocrx_word' id='word_1_60' title='bbox 296 1464 359 1511; x_wconf 82' lang='lat' dir='ltr'>Fere</span> <span class='ocrx_word' id='word_1_61' title='bbox 376 1468 471 1511; x_wconf 90' lang='lat' dir='ltr'>certum</span> <span class='ocrx_word' id='word_1_62' title='bbox 489 1468 527 1510; x_wconf 89' lang='grc'>661</span> <span class='ocrx_word' id='word_1_63' title='bbox 545 1477 575 1509; x_wconf 85' lang='lat' dir='ltr'>ex</span> <span class='ocrx_word' id='word_1_64' title='bbox 595 1463 643 1509; x_wconf 91' lang='lat' dir='ltr'>hoc</span> <span class='ocrx_word' id='word_1_65' title='bbox 667 1464 751 1509; x_wconf 87' lang='lat' dir='ltr'>codice</span> <span class='ocrx_word' id='word_1_66' title='bbox 776 1477 819 1509; x_wconf 88' lang='lat' dir='ltr'>ms.</span> <span class='ocrx_word' id='word_1_67' title='bbox 839 1463 958 1508; x_wconf 88' lang='lat' dir='ltr'>Varinum</span> <span class='ocrx_word' id='word_1_68' title='bbox 975 1461 1146 1508; x_wconf 87' lang='lat' dir='ltr'>Pbavorinum</span> <span class='ocrx_word' id='word_1_69' title='bbox 1164 1462 1212 1510; x_wconf 86' lang='lat' dir='ltr'>Ga·</span> 
     </span>
     <span class='ocr_line' id='line_1_12' title="bbox 183 1545 1214 1606; baseline -0.003 -10"><span class='ocrx_word' id='word_1_70' title='bbox 183 1553 286 1596; x_wconf 90' lang='lat' dir='ltr'>mertem</span> <span class='ocrx_word' id='word_1_71' title='bbox 304 1548 384 1596; x_wconf 80' lang='lat' dir='ltr'>lexico</span> <span class='ocrx_word' id='word_1_72' title='bbox 402 1562 447 1595; x_wconf 92' lang='lat' dir='ltr'>suo</span> <span class='ocrx_word' id='word_1_73' title='bbox 466 1547 561 1596; x_wconf 80' lang='lat' dir='ltr'>Graeco</span> <span class='ocrx_word' id='word_1_74' title='bbox 579 1549 741 1595; x_wconf 84' lang='lat' dir='ltr'>Lesbonsctis</span> <span class='ocrx_word' id='word_1_75' title='bbox 759 1547 845 1606; x_wconf 84' lang='lat' dir='ltr'>libelli,</span> <span class='ocrx_word' id='word_1_76' title='bbox 867 1546 948 1606; x_wconf 86' lang='lat' dir='ltr'>qualis</span> <span class='ocrx_word' id='word_1_77' title='bbox 965 1547 991 1592; x_wconf 90' lang='lat' dir='ltr'>in</span> <span class='ocrx_word' id='word_1_78' title='bbox 1010 1561 1058 1594; x_wconf 88' lang='grc'>666.</span> <span class='ocrx_word' id='word_1_79' title='bbox 1078 1545 1094 1591; x_wconf 84' lang='grc'>1)</span> <span class='ocrx_word' id='word_1_80' title='bbox 1111 1547 1214 1606; x_wconf 73' lang='lat' dir='ltr'>legitur,</span> 
     </span>
     <span class='ocr_line' id='line_1_13' title="bbox 183 1626 1215 1698; baseline 0 -18"><span class='ocrx_word' id='word_1_81' title='bbox 183 1636 244 1681; x_wconf 80' lang='lat' dir='ltr'>haee</span> <span class='ocrx_word' id='word_1_82' title='bbox 268 1634 439 1681; x_wconf 86' lang='lat' dir='ltr'>immiscuisse:</span> <span class='ocrx_word' id='word_1_83' title='bbox 470 1626 582 1698; x_wconf 82' lang='grc' dir='ltr'><strong>Εὐβοεῖς</strong></span> <span class='ocrx_word' id='word_1_84' title='bbox 605 1633 639 1696; x_wconf 81' lang='lat' dir='ltr'>(p.</span> <span class='ocrx_word' id='word_1_85' title='bbox 665 1634 722 1691; x_wconf 84' lang='grc'>281,</span> <span class='ocrx_word' id='word_1_86' title='bbox 742 1636 775 1682; x_wconf 91' lang='grc'>20</span> <span class='ocrx_word' id='word_1_87' title='bbox 798 1634 837 1679; x_wconf 83' lang='grc'>66.</span> <span class='ocrx_word' id='word_1_88' title='bbox 863 1632 938 1679; x_wconf 84' lang='lat' dir='ltr'>Basil.</span> <span class='ocrx_word' id='word_1_89' title='bbox 966 1628 1055 1696; x_wconf 85' lang='grc'>1038),</span> <span class='ocrx_word' id='word_1_90' title='bbox 1082 1627 1215 1693; x_wconf 64' lang='grc' dir='ltr'><strong>Κορίνθιοι</strong></span> 
     </span>
     <span class='ocr_line' id='line_1_14' title="bbox 183 1709 1214 1785; baseline 0.001 -20"><span class='ocrx_word' id='word_1_91' title='bbox 183 1719 216 1782; x_wconf 79' lang='lat' dir='ltr'>(p.</span> <span class='ocrx_word' id='word_1_92' title='bbox 240 1709 543 1785; x_wconf 75' lang='grc' dir='ltr'>16661),Ἴβυκις(ρ.</span> <span class='ocrx_word' id='word_1_93' title='bbox 564 1719 622 1777; x_wconf 79' lang='lat' dir='ltr'>oss,</span> <span class='ocrx_word' id='word_1_94' title='bbox 641 1717 693 1781; x_wconf 79' lang='lat'>³2),</span> <span class='ocrx_word' id='word_1_95' title='bbox 719 1712 861 1781; x_wconf 77' lang='grc' dir='ltr'>Ἀνκμᾱνες</span> <span class='ocrx_word' id='word_1_96' title='bbox 880 1715 912 1782; x_wconf 80' lang='lat' dir='ltr'>(p.</span> <span class='ocrx_word' id='word_1_97' title='bbox 933 1720 990 1777; x_wconf 83' lang='lat'><strong>119,</strong></span> <span class='ocrx_word' id='word_1_98' title='bbox 1010 1716 1060 1779; x_wconf 83' lang='grc'>66),</span> <span class='ocrx_word' id='word_1_99' title='bbox 1079 1712 1214 1778; x_wconf 75' lang='grc' dir='ltr'><strong>Κλαζομε-</strong></span> 
     </span>
     <span class='ocr_line' id='line_1_15' title="bbox 183 1792 1214 1867; baseline -0.001 -15"><span class='ocrx_word' id='word_1_100' title='bbox 183 1807 233 1861; x_wconf 85' lang='grc' dir='ltr'><strong>νεῐς</strong></span> <span class='ocrx_word' id='word_1_101' title='bbox 252 1804 284 1866; x_wconf 81' lang='grc' dir='ltr'>(ρ.</span> <span class='ocrx_word' id='word_1_102' title='bbox 301 1807 374 1860; x_wconf 93' lang='grc'>1061,</span> <span class='ocrx_word' id='word_1_103' title='bbox 387 1801 422 1864; x_wconf 91' lang='grc'>4),</span> <span class='ocrx_word' id='word_1_104' title='bbox 440 1799 598 1866; x_wconf 77' lang='grc' dir='ltr'><strong>Κολοφώνιοι</strong></span> <span class='ocrx_word' id='word_1_105' title='bbox 615 1802 701 1866; x_wconf 87' lang='grc'>(1082,</span> <span class='ocrx_word' id='word_1_106' title='bbox 718 1805 769 1862; x_wconf 88' lang='grc'>22),</span> <span class='ocrx_word' id='word_1_107' title='bbox 788 1800 892 1852; x_wconf 80' lang='grc' dir='ltr'><strong>Σικελοί</strong></span> <span class='ocrx_word' id='word_1_108' title='bbox 910 1804 997 1860; x_wconf 84' lang='grc'>(1642,</span> <span class='ocrx_word' id='word_1_109' title='bbox 1014 1799 1066 1867; x_wconf 93' lang='grc'>40),</span> <span class='ocrx_word' id='word_1_110' title='bbox 1081 1792 1214 1864; x_wconf 83' lang='grc' dir='ltr'><strong>Ἕλληνες</strong></span> 
     </span>
     <span class='ocr_line' id='line_1_16' title="bbox 184 1880 1213 1953; baseline -0.005 -15"><span class='ocrx_word' id='word_1_111' title='bbox 184 1887 207 1939; x_wconf 80' lang='grc' dir='ltr'>οἱ</span> <span class='ocrx_word' id='word_1_112' title='bbox 232 1885 274 1938; x_wconf 72' lang='lat' dir='ltr'>co</span> <span class='ocrx_word' id='word_1_113' title='bbox 297 1887 346 1951; x_wconf 82' lang='grc' dir='ltr'>τῆς</span> <span class='ocrx_word' id='word_1_114' title='bbox 363 1881 484 1945; x_wconf 83' lang='grc' dir='ltr'><strong>Ἀσιάδος</strong></span> <span class='ocrx_word' id='word_1_115' title='bbox 510 1885 579 1953; x_wconf 85' lang='grc'>(628,</span> <span class='ocrx_word' id='word_1_116' title='bbox 597 1892 649 1946; x_wconf 85' lang='grc'>40),</span> <span class='ocrx_word' id='word_1_117' title='bbox 670 1886 760 1952; x_wconf 77' lang='grc' dir='ltr'><strong>Τρῶες</strong></span> <span class='ocrx_word' id='word_1_118' title='bbox 780 1888 866 1953; x_wconf 86' lang='grc'>(1782,</span> <span class='ocrx_word' id='word_1_119' title='bbox 886 1889 921 1948; x_wconf 87' lang='grc'>8),</span> <span class='ocrx_word' id='word_1_120' title='bbox 939 1880 1050 1937; x_wconf 75' lang='grc' dir='ltr'><strong>’Δττικοί</strong></span> <span class='ocrx_word' id='word_1_121' title='bbox 1068 1886 1138 1949; x_wconf 80' lang='grc'>(314,</span> <span class='ocrx_word' id='word_1_122' title='bbox 1159 1886 1213 1949; x_wconf 81' lang='grc'>30).</span> 
     </span>
     <span class='ocr_line' id='line_1_17' title="bbox 184 1973 1214 2034; baseline -0.002 -13"><span class='ocrx_word' id='word_1_123' title='bbox 184 1974 257 2034; x_wconf 80' lang='lat' dir='ltr'>Quod</span> <span class='ocrx_word' id='word_1_124' title='bbox 270 1989 299 2021; x_wconf 88' lang='grc'>66</span> <span class='ocrx_word' id='word_1_125' title='bbox 311 1973 439 2034; x_wconf 86' lang='lat' dir='ltr'>probatur,</span> <span class='ocrx_word' id='word_1_126' title='bbox 458 1974 523 2033; x_wconf 90' lang='lat' dir='ltr'>quod</span> <span class='ocrx_word' id='word_1_127' title='bbox 541 1974 612 2020; x_wconf 88' lang='lat' dir='ltr'>lexici</span> <span class='ocrx_word' id='word_1_128' title='bbox 631 1980 754 2021; x_wconf 77' lang='lat' dir='ltr'><strong>auctorem</strong></span> <span class='ocrx_word' id='word_1_129' title='bbox 774 1974 891 2034; x_wconf 81' lang='lat' dir='ltr'>praelecti</span> <span class='ocrx_word' id='word_1_130' title='bbox 910 1973 1074 2020; x_wconf 88' lang='lat' dir='ltr'>bibliothecae</span> <span class='ocrx_word' id='word_1_131' title='bbox 1086 1973 1214 2020; x_wconf 75' lang='lat' dir='ltr'>Mediceae</span> 
     </span>
     <span class='ocr_line' id='line_1_18' title="bbox 184 2055 1215 2123; baseline 0 -17"><span class='ocrx_word' id='word_1_132' title='bbox 184 2075 284 2107; x_wconf 87' lang='lat' dir='ltr'>munere</span> <span class='ocrx_word' id='word_1_133' title='bbox 297 2059 340 2123; x_wconf 89' lang='lat' dir='ltr'>(ab</span> <span class='ocrx_word' id='word_1_134' title='bbox 353 2074 374 2107; x_wconf 86' lang='lat' dir='ltr'>a.</span> <span class='ocrx_word' id='word_1_135' title='bbox 391 2055 467 2121; x_wconf 84' lang='grc'>11112)</span> <span class='ocrx_word' id='word_1_136' title='bbox 482 2074 525 2119; x_wconf 89' lang='lat' dir='ltr'>per</span> <span class='ocrx_word' id='word_1_137' title='bbox 537 2059 638 2120; x_wconf 81' lang='lat' dir='ltr'>aliquod</span> <span class='ocrx_word' id='word_1_138' title='bbox 651 2066 747 2120; x_wconf 84' lang='lat' dir='ltr'>tempus</span> <span class='ocrx_word' id='word_1_139' title='bbox 760 2061 869 2106; x_wconf 83' lang='lat' dir='ltr'>sunctum</span> <span class='ocrx_word' id='word_1_140' title='bbox 883 2073 936 2106; x_wconf 87' lang='lat' dir='ltr'>esse</span> <span class='ocrx_word' id='word_1_141' title='bbox 949 2058 1064 2105; x_wconf 89' lang='lat' dir='ltr'>novimus</span> <span class='ocrx_word' id='word_1_142' title='bbox 1078 2058 1120 2121; x_wconf 82' lang='grc'>(61.</span> <span class='ocrx_word' id='word_1_143' title='bbox 1133 2058 1215 2119; x_wconf 86' lang='lat' dir='ltr'>ipsius</span> 
     </span>
     <span class='ocr_line' id='line_1_19' title="bbox 185 2142 1216 2207; baseline 0.001 -16"><span class='ocrx_word' id='word_1_144' title='bbox 185 2145 315 2206; x_wconf 82' lang='lat' dir='ltr'>praelatio,</span> <span class='ocrx_word' id='word_1_145' title='bbox 337 2144 443 2192; x_wconf 77' lang='lat' dir='ltr'>Fabricii</span> <span class='ocrx_word' id='word_1_146' title='bbox 463 2145 574 2192; x_wconf 84' lang='lat' dir='ltr'><strong>biblioth.</strong></span> <span class='ocrx_word' id='word_1_147' title='bbox 595 2145 683 2194; x_wconf 83' lang='lat' dir='ltr'>Graec.</span> <span class='ocrx_word' id='word_1_148' title='bbox 703 2146 753 2191; x_wconf 90' lang='lat' dir='ltr'>vol.</span> <span class='ocrx_word' id='word_1_149' title='bbox 772 2145 808 2191; x_wconf 91' lang='lat' dir='ltr'>Vl</span> <span class='ocrx_word' id='word_1_150' title='bbox 826 2160 849 2205; x_wconf 87' lang='lat' dir='ltr'>p.</span> <span class='ocrx_word' id='word_1_151' title='bbox 870 2142 945 2207; x_wconf 79' lang='grc'>648);</span> <span class='ocrx_word' id='word_1_152' title='bbox 966 2144 1055 2192; x_wconf 87' lang='lat' dir='ltr'>deinde</span> <span class='ocrx_word' id='word_1_153' title='bbox 1072 2158 1216 2204; x_wconf 81' lang='lat' dir='ltr'>quanquam</span> 
     </span>
     <span class='ocr_line' id='line_1_20' title="bbox 185 2230 1215 2291; baseline -0.001 -14"><span class='ocrx_word' id='word_1_154' title='bbox 185 2233 210 2277; x_wconf 90' lang='grc'>16</span> <span class='ocrx_word' id='word_1_155' title='bbox 235 2236 305 2291; x_wconf 89' lang='lat' dir='ltr'>parte</span> <span class='ocrx_word' id='word_1_156' title='bbox 329 2231 491 2278; x_wconf 84' lang='lat' dir='ltr'>Lesbonactis</span> <span class='ocrx_word' id='word_1_157' title='bbox 519 2231 630 2290; x_wconf 81' lang='lat' dir='ltr'>opusculi</span> <span class='ocrx_word' id='word_1_158' title='bbox 655 2246 670 2277; x_wconf 88' lang='lat' dir='ltr'>a</span> <span class='ocrx_word' id='word_1_159' title='bbox 693 2231 787 2277; x_wconf 85' lang='lat' dir='ltr'>Varino</span> <span class='ocrx_word' id='word_1_160' title='bbox 813 2231 974 2290; x_wconf 73' lang='lat' dir='ltr'>manuscripta</span> <span class='ocrx_word' id='word_1_161' title='bbox 999 2230 1095 2277; x_wconf 87' lang='lat' dir='ltr'>codices</span> <span class='ocrx_word' id='word_1_162' title='bbox 1121 2244 1171 2277; x_wconf 86' lang='lat' dir='ltr'>rec.</span> <span class='ocrx_word' id='word_1_163' title='bbox 1198 2231 1215 2276; x_wconf 92' lang='lat' dir='ltr'>b</span> 
     </span>
     <span class='ocr_line' id='line_1_21' title="bbox 185 2312 1215 2378; baseline -0.001 -13"><span class='ocrx_word' id='word_1_164' title='bbox 185 2312 426 2378; x_wconf 82' lang='lat' dir='ltr'>plerumque‘levem</span> <span class='ocrx_word' id='word_1_165' title='bbox 445 2321 539 2362; x_wconf 89' lang='lat' dir='ltr'>tentum</span> <span class='ocrx_word' id='word_1_166' title='bbox 557 2316 669 2363; x_wconf 87' lang='lat' dir='ltr'>lectionis</span> <span class='ocrx_word' id='word_1_167' title='bbox 687 2316 832 2363; x_wconf 81' lang='lat' dir='ltr'>varietatem</span> <span class='ocrx_word' id='word_1_168' title='bbox 854 2316 985 2375; x_wconf 88' lang='lat' dir='ltr'>praebent,</span> <span class='ocrx_word' id='word_1_169' title='bbox 1009 2330 1071 2375; x_wconf 85' lang='lat' dir='ltr'>quse</span> <span class='ocrx_word' id='word_1_170' title='bbox 1095 2316 1131 2363; x_wconf 87' lang='lat' dir='ltr'>rei</span> <span class='ocrx_word' id='word_1_171' title='bbox 1149 2317 1215 2364; x_wconf 82' lang='grc'>0116-</span> 
     </span>
     <span class='ocr_line' id='line_1_22' title="bbox 185 2401 1217 2462; baseline -0.002 -13"><span class='ocrx_word' id='word_1_172' title='bbox 185 2402 305 2450; x_wconf 84' lang='lat' dir='ltr'>dicandae</span> <span class='ocrx_word' id='word_1_173' title='bbox 323 2403 464 2449; x_wconf 80' lang='lat' dir='ltr'>fucultatem</span> <span class='ocrx_word' id='word_1_174' title='bbox 491 2417 540 2449; x_wconf 91' lang='lat' dir='ltr'>non</span> <span class='ocrx_word' id='word_1_175' title='bbox 559 2402 617 2460; x_wconf 87' lang='lat' dir='ltr'>dat,</span> <span class='ocrx_word' id='word_1_176' title='bbox 641 2407 724 2448; x_wconf 87' lang='lat' dir='ltr'>temen</span> <span class='ocrx_word' id='word_1_177' title='bbox 751 2401 800 2447; x_wconf 85' lang='lat' dir='ltr'>duo</span> <span class='ocrx_word' id='word_1_178' title='bbox 819 2401 957 2448; x_wconf 77' lang='lat' dir='ltr'>Florentini</span> <span class='ocrx_word' id='word_1_179' title='bbox 980 2401 1081 2462; x_wconf 83' lang='lat' dir='ltr'>propriu</span> <span class='ocrx_word' id='word_1_180' title='bbox 1098 2402 1217 2460; x_wconf 78' lang='lat' dir='ltr'>graviora</span> 
     </span>
     <span class='ocr_line' id='line_1_23' title="bbox 186 2486 1215 2547; baseline -0.003 -12"><span class='ocrx_word' id='word_1_181' title='bbox 186 2489 260 2535; x_wconf 82' lang='lat' dir='ltr'>etium</span> <span class='ocrx_word' id='word_1_182' title='bbox 279 2488 304 2533; x_wconf 91' lang='lat' dir='ltr'>in</span> <span class='ocrx_word' id='word_1_183' title='bbox 321 2487 365 2534; x_wconf 89' lang='lat' dir='ltr'>illo</span> <span class='ocrx_word' id='word_1_184' title='bbox 383 2487 462 2534; x_wconf 80' lang='lat' dir='ltr'>lexico</span> <span class='ocrx_word' id='word_1_185' title='bbox 480 2487 641 2547; x_wconf 88' lang='lat' dir='ltr'>reperiuntur.</span> <span class='ocrx_word' id='word_1_186' title='bbox 676 2487 786 2532; x_wconf 90' lang='lat' dir='ltr'>Primum</span> <span class='ocrx_word' id='word_1_187' title='bbox 808 2489 872 2534; x_wconf 90' lang='lat' dir='ltr'>enim</span> <span class='ocrx_word' id='word_1_188' title='bbox 890 2487 1017 2546; x_wconf 84' lang='lat' dir='ltr'>utriusqus</span> <span class='ocrx_word' id='word_1_189' title='bbox 1037 2491 1124 2532; x_wconf 79' lang='lat' dir='ltr'>auctor</span> <span class='ocrx_word' id='word_1_190' title='bbox 1141 2486 1215 2532; x_wconf 87' lang='lat' dir='ltr'>seriei</span> 
     </span>
     <span class='ocr_line' id='line_1_24' title="bbox 185 2571 1216 2636; baseline -0.003 -16"><span class='ocrx_word' id='word_1_191' title='bbox 185 2573 323 2620; x_wconf 79' lang='lat' dir='ltr'>Atticarum</span> <span class='ocrx_word' id='word_1_192' title='bbox 340 2573 473 2632; x_wconf 83' lang='lat' dir='ltr'>figurarum</span> <span class='ocrx_word' id='word_1_193' title='bbox 491 2573 564 2618; x_wconf 87' lang='lat' dir='ltr'>etiam</span> <span class='ocrx_word' id='word_1_194' title='bbox 583 2585 658 2618; x_wconf 90' lang='lat' dir='ltr'>unum</span> <span class='ocrx_word' id='word_1_195' title='bbox 676 2572 736 2618; x_wconf 87' lang='lat' dir='ltr'>illud</span> <span class='ocrx_word' id='word_1_196' title='bbox 755 2572 853 2619; x_wconf 89' lang='lat' dir='ltr'>schema</span> <span class='ocrx_word' id='word_1_197' title='bbox 871 2573 979 2636; x_wconf 78' lang='lat' dir='ltr'>Atticum</span> <span class='ocrx_word' id='word_1_198' title='bbox 997 2571 1122 2628; x_wconf 84' lang='lat' dir='ltr'>adnexuit,</span> <span class='ocrx_word' id='word_1_199' title='bbox 1148 2571 1216 2630; x_wconf 87' lang='lat' dir='ltr'>quod</span> 
     </span>
     <span class='ocr_line' id='line_1_25' title="bbox 186 2654 1216 2722; baseline -0.003 -17"><span class='ocrx_word' id='word_1_200' title='bbox 186 2660 212 2705; x_wconf 89' lang='lat' dir='ltr'>in</span> <span class='ocrx_word' id='word_1_201' title='bbox 230 2672 278 2705; x_wconf 88' lang='lat' dir='ltr'>rec.</span> <span class='ocrx_word' id='word_1_202' title='bbox 297 2658 318 2703; x_wconf 82' lang='lat' dir='ltr'>B</span> <span class='ocrx_word' id='word_1_203' title='bbox 336 2671 365 2705; x_wconf 92' lang='lat' dir='ltr'>eo</span> <span class='ocrx_word' id='word_1_204' title='bbox 383 2659 436 2704; x_wconf 92' lang='lat' dir='ltr'>loeo</span> <span class='ocrx_word' id='word_1_205' title='bbox 455 2663 614 2714; x_wconf 76' lang='lat' dir='ltr'>remanserat,</span> <span class='ocrx_word' id='word_1_206' title='bbox 641 2671 712 2715; x_wconf 90' lang='lat' dir='ltr'>quem</span> <span class='ocrx_word' id='word_1_207' title='bbox 739 2657 764 2703; x_wconf 90' lang='grc'>16</span> <span class='ocrx_word' id='word_1_208' title='bbox 783 2671 832 2704; x_wconf 88' lang='lat' dir='ltr'>rec.</span> <span class='ocrx_word' id='word_1_209' title='bbox 850 2658 873 2703; x_wconf 80' lang='grc'>6</span> <span class='ocrx_word' id='word_1_210' title='bbox 891 2656 1019 2704; x_wconf 85' lang='lat' dir='ltr'>obtinebat</span> <span class='ocrx_word' id='word_1_211' title='bbox 1036 2655 1070 2722; x_wconf 81' lang='lat' dir='ltr'>(p</span> <span class='ocrx_word' id='word_1_212' title='bbox 1083 2658 1124 2713; x_wconf 92' lang='grc'>48,</span> <span class='ocrx_word' id='word_1_213' title='bbox 1138 2654 1165 2718; x_wconf 87' lang='grc'>9)</span> <span class='ocrx_word' id='word_1_214' title='bbox 1183 2656 1216 2702; x_wconf 84' lang='lat' dir='ltr'>cf.</span> 
     </span>
     <span class='ocr_line' id='line_1_26' title="bbox 187 2741 1216 2804; baseline -0.004 -12"><span class='ocrx_word' id='word_1_215' title='bbox 187 2758 263 2804; x_wconf 85' lang='lat' dir='ltr'>supra</span> <span class='ocrx_word' id='word_1_216' title='bbox 281 2747 342 2803; x_wconf 70' lang='lat' dir='ltr'>pl.</span> <span class='ocrx_word' id='word_1_217' title='bbox 378 2743 464 2802; x_wconf 79' lang='lat' dir='ltr'>Neque</span> <span class='ocrx_word' id='word_1_218' title='bbox 493 2743 585 2803; x_wconf 90' lang='lat' dir='ltr'>opponi</span> <span class='ocrx_word' id='word_1_219' title='bbox 616 2749 699 2803; x_wconf 86' lang='lat' dir='ltr'>potest</span> <span class='ocrx_word' id='word_1_220' title='bbox 727 2743 845 2790; x_wconf 87' lang='lat' dir='ltr'>Varinum</span> <span class='ocrx_word' id='word_1_221' title='bbox 876 2743 949 2789; x_wconf 90' lang='lat' dir='ltr'>etiam</span> <span class='ocrx_word' id='word_1_222' title='bbox 981 2741 1149 2801; x_wconf 88' lang='lat' dir='ltr'>manuscripto</span> <span class='ocrx_word' id='word_1_223' title='bbox 1179 2743 1216 2788; x_wconf 85' lang='lat' dir='ltr'>uti</span> 
     </span>
     <span class='ocr_line' id='line_1_27' title="bbox 187 2827 1216 2890; baseline -0.003 -14"><span class='ocrx_word' id='word_1_224' title='bbox 187 2829 305 2890; x_wconf 87' lang='lat' dir='ltr'>potuisse,</span> <span class='ocrx_word' id='word_1_225' title='bbox 330 2828 395 2887; x_wconf 85' lang='lat' dir='ltr'>quod</span> <span class='ocrx_word' id='word_1_226' title='bbox 412 2827 474 2874; x_wconf 89' lang='lat' dir='ltr'>illud</span> <span class='ocrx_word' id='word_1_227' title='bbox 492 2828 599 2875; x_wconf 77' lang='lat' dir='ltr'>Atticum</span> <span class='ocrx_word' id='word_1_228' title='bbox 618 2842 672 2875; x_wconf 93' lang='lat' dir='ltr'>cum</span> <span class='ocrx_word' id='word_1_229' title='bbox 691 2828 792 2887; x_wconf 92' lang='lat' dir='ltr'>reliquis</span> <span class='ocrx_word' id='word_1_230' title='bbox 811 2828 899 2876; x_wconf 80' lang='lat' dir='ltr'>Atticis</span> <span class='ocrx_word' id='word_1_231' title='bbox 918 2828 1026 2874; x_wconf 90' lang='lat' dir='ltr'>nondum</span> <span class='ocrx_word' id='word_1_232' title='bbox 1047 2827 1216 2873; x_wconf 89' lang='lat' dir='ltr'>consociatum</span> 
     </span>
     <span class='ocr_line' id='line_1_28' title="bbox 187 2912 1217 2973; baseline -0.002 -13"><span class='ocrx_word' id='word_1_233' title='bbox 187 2913 304 2973; x_wconf 80' lang='lat' dir='ltr'>habebat,</span> <span class='ocrx_word' id='word_1_234' title='bbox 323 2926 377 2959; x_wconf 90' lang='lat' dir='ltr'>cum</span> <span class='ocrx_word' id='word_1_235' title='bbox 396 2912 506 2960; x_wconf 86' lang='lat' dir='ltr'>ordinem</span> <span class='ocrx_word' id='word_1_236' title='bbox 525 2912 708 2973; x_wconf 74' lang='lat' dir='ltr'>alphabeticum</span> <span class='ocrx_word' id='word_1_237' title='bbox 726 2920 823 2960; x_wconf 84' lang='lat' dir='ltr'>secutus</span> <span class='ocrx_word' id='word_1_238' title='bbox 839 2926 923 2959; x_wconf 85' lang='lat' dir='ltr'>omnes</span> <span class='ocrx_word' id='word_1_239' title='bbox 936 2913 1031 2960; x_wconf 86' lang='grc'>6111666</span> <span class='ocrx_word' id='word_1_240' title='bbox 1048 2913 1141 2972; x_wconf 79' lang='lat' dir='ltr'>figuras</span> <span class='ocrx_word' id='word_1_241' title='bbox 1158 2927 1217 2959; x_wconf 91' lang='lat' dir='ltr'>con-</span> 
     </span>
     <span class='ocr_line' id='line_1_29' title="bbox 188 2997 1218 3058; baseline -0.004 -12"><span class='ocrx_word' id='word_1_242' title='bbox 188 3000 283 3046; x_wconf 84' lang='lat' dir='ltr'>iunctas</span> <span class='ocrx_word' id='word_1_243' title='bbox 300 3012 490 3045; x_wconf 87' lang='lat' dir='ltr'>commemorare</span> <span class='ocrx_word' id='word_1_244' title='bbox 511 2998 619 3045; x_wconf 87' lang='lat' dir='ltr'>deberet.</span> <span class='ocrx_word' id='word_1_245' title='bbox 654 2999 716 3044; x_wconf 88' lang='lat' dir='ltr'>Nam</span> <span class='ocrx_word' id='word_1_246' title='bbox 742 2999 875 3058; x_wconf 80' lang='lat' dir='ltr'>schemata,</span> <span class='ocrx_word' id='word_1_247' title='bbox 902 3013 1005 3058; x_wconf 88' lang='lat' dir='ltr'>quorum</span> <span class='ocrx_word' id='word_1_248' title='bbox 1028 3003 1084 3058; x_wconf 89' lang='lat' dir='ltr'>post</span> <span class='ocrx_word' id='word_1_249' title='bbox 1102 2997 1186 3044; x_wconf 82' lang='grc'>611166</span> <span class='ocrx_word' id='word_1_250' title='bbox 1203 3012 1218 3042; x_wconf 86' lang='grc'>6</span> 
     </span>
     <span class='ocr_line' id='line_1_30' title="bbox 188 3083 1218 3144; baseline 0 -14"><span class='ocrx_word' id='word_1_251' title='bbox 188 3086 342 3132; x_wconf 82' lang='lat' dir='ltr'>Lesbonscte</span> <span class='ocrx_word' id='word_1_252' title='bbox 366 3084 457 3131; x_wconf 88' lang='lat' dir='ltr'>mentio</span> <span class='ocrx_word' id='word_1_253' title='bbox 481 3085 515 3142; x_wconf 87' lang='lat' dir='ltr'>fit,</span> <span class='ocrx_word' id='word_1_254' title='bbox 541 3084 732 3142; x_wconf 82' lang='lat' dir='ltr'>lexicographus</span> <span class='ocrx_word' id='word_1_255' title='bbox 757 3085 829 3143; x_wconf 80' lang='lat' dir='ltr'>plane</span> <span class='ocrx_word' id='word_1_256' title='bbox 855 3083 963 3143; x_wconf 82' lang='lat' dir='ltr'>neglexit</span> <span class='ocrx_word' id='word_1_257' title='bbox 987 3083 1071 3144; x_wconf 89' lang='lat' dir='ltr'>itaque</span> <span class='ocrx_word' id='word_1_258' title='bbox 1096 3083 1218 3130; x_wconf 81' lang='lat' dir='ltr'>Varinum</span> 
     </span>
     <span class='ocr_line' id='line_1_31' title="bbox 188 3167 1217 3231; baseline -0.004 -13"><span class='ocrx_word' id='word_1_259' title='bbox 188 3171 349 3231; x_wconf 83' lang='lat' dir='ltr'>posteriorem</span> <span class='ocrx_word' id='word_1_260' title='bbox 366 3174 462 3229; x_wconf 86' lang='lat' dir='ltr'>partem</span> <span class='ocrx_word' id='word_1_261' title='bbox 479 3169 552 3215; x_wconf 88' lang='lat' dir='ltr'>buius</span> <span class='ocrx_word' id='word_1_262' title='bbox 570 3169 697 3229; x_wconf 89' lang='lat' dir='ltr'>scriptoris</span> <span class='ocrx_word' id='word_1_263' title='bbox 716 3169 794 3216; x_wconf 90' lang='lat' dir='ltr'>libelli</span> <span class='ocrx_word' id='word_1_264' title='bbox 814 3185 862 3216; x_wconf 91' lang='lat' dir='ltr'>non</span> <span class='ocrx_word' id='word_1_265' title='bbox 882 3170 978 3229; x_wconf 80' lang='lat' dir='ltr'>legisse,</span> <span class='ocrx_word' id='word_1_266' title='bbox 1000 3183 1057 3228; x_wconf 79' lang='lat' dir='ltr'>ergo</span> <span class='ocrx_word' id='word_1_267' title='bbox 1076 3183 1106 3215; x_wconf 86' lang='lat' dir='ltr'>ex</span> <span class='ocrx_word' id='word_1_268' title='bbox 1124 3167 1217 3224; x_wconf 85' lang='lat' dir='ltr'>codice,</span> 
     </span>
     <span class='ocr_line' id='line_1_32' title="bbox 188 3253 1218 3316; baseline -0.005 -13"><span class='ocrx_word' id='word_1_269' title='bbox 188 3258 230 3316; x_wconf 86' lang='lat' dir='ltr'>qui</span> <span class='ocrx_word' id='word_1_270' title='bbox 249 3270 333 3303; x_wconf 86' lang='lat' dir='ltr'>omnes</span> <span class='ocrx_word' id='word_1_271' title='bbox 350 3255 442 3314; x_wconf 83' lang='lat' dir='ltr'>figuras</span> <span class='ocrx_word' id='word_1_272' title='bbox 460 3254 554 3301; x_wconf 85' lang='grc'>6111666</span> <span class='ocrx_word' id='word_1_273' title='bbox 581 3253 698 3300; x_wconf 88' lang='grc'>661166166</span> <span class='ocrx_word' id='word_1_274' title='bbox 722 3254 847 3312; x_wconf 83' lang='lat' dir='ltr'>offerebat,</span> <span class='ocrx_word' id='word_1_275' title='bbox 874 3255 985 3302; x_wconf 86' lang='lat' dir='ltr'>hausisse</span> <span class='ocrx_word' id='word_1_276' title='bbox 1007 3253 1142 3301; x_wconf 88' lang='lat' dir='ltr'>verisimile</span> <span class='ocrx_word' id='word_1_277' title='bbox 1166 3253 1218 3300; x_wconf 86' lang='lat' dir='ltr'>exi·</span> 
     </span>
     <span class='ocr_line' id='line_1_33' title="bbox 188 3337 1218 3404; baseline -0.002 -16"><span class='ocrx_word' id='word_1_278' title='bbox 188 3342 268 3389; x_wconf 87' lang='lat' dir='ltr'>stimo.</span> <span class='ocrx_word' id='word_1_279' title='bbox 304 3342 382 3387; x_wconf 87' lang='lat' dir='ltr'>Porro</span> <span class='ocrx_word' id='word_1_280' title='bbox 407 3339 453 3385; x_wconf 87' lang='lat' dir='ltr'>sub</span> <span class='ocrx_word' id='word_1_281' title='bbox 477 3340 517 3399; x_wconf 78' lang='lat' dir='ltr'>fig.</span> <span class='ocrx_word' id='word_1_282' title='bbox 535 3339 617 3385; x_wconf 81' lang='lat' dir='ltr'>Attica</span> <span class='ocrx_word' id='word_1_283' title='bbox 642 3340 714 3385; x_wconf 88' lang='lat' dir='ltr'>modo</span> <span class='ocrx_word' id='word_1_284' title='bbox 739 3345 844 3388; x_wconf 88' lang='lat' dir='ltr'>tractata</span> <span class='ocrx_word' id='word_1_285' title='bbox 869 3341 903 3404; x_wconf 82' lang='lat' dir='ltr'>(p.</span> <span class='ocrx_word' id='word_1_286' title='bbox 924 3344 965 3399; x_wconf 88' lang='grc'>48,</span> <span class='ocrx_word' id='word_1_287' title='bbox 990 3337 1032 3400; x_wconf 89' lang='grc'>12)</span> <span class='ocrx_word' id='word_1_288' title='bbox 1059 3340 1125 3385; x_wconf 79' lang='lat' dir='ltr'>Flor.</span> <span class='ocrx_word' id='word_1_289' title='bbox 1152 3339 1218 3386; x_wconf 85' lang='lat' dir='ltr'>hanc</span> 
     </span>
     <span class='ocr_line' id='line_1_34' title="bbox 190 3415 1219 3490; baseline -0.002 -17"><span class='ocrx_word' id='word_1_290' title='bbox 190 3426 355 3486; x_wconf 84' lang='lat' dir='ltr'>corruptelam</span> <span class='ocrx_word' id='word_1_291' title='bbox 373 3425 487 3485; x_wconf 83' lang='lat' dir='ltr'>praebet:</span> <span class='ocrx_word' id='word_1_292' title='bbox 506 3415 560 3486; x_wconf 71' lang='grc' dir='ltr'>,οὐκ</span> <span class='ocrx_word' id='word_1_293' title='bbox 573 3417 631 3474; x_wconf 83' lang='grc' dir='ltr'><strong>α’νόν</strong></span> <span class='ocrx_word' id='word_1_294' title='bbox 645 3417 707 3486; x_wconf 64' lang='grc' dir='ltr'><strong>ἡμῖν</strong></span> <span class='ocrx_word' id='word_1_295' title='bbox 725 3421 817 3490; x_wconf 81' lang='grc' dir='ltr'><strong>συνέβη</strong></span> <span class='ocrx_word' id='word_1_296' title='bbox 830 3423 904 3475; x_wconf 81' lang='grc' dir='ltr'><strong>τοῦτο</strong></span> <span class='ocrx_word' id='word_1_297' title='bbox 916 3424 1014 3475; x_wconf 62' lang='grc' dir='ltr'><strong>παθεῖν’</strong></span> <span class='ocrx_word' id='word_1_298' title='bbox 1031 3425 1128 3490; x_wconf 87' lang='lat' dir='ltr'>(reliqui</span> <span class='ocrx_word' id='word_1_299' title='bbox 1146 3425 1219 3472; x_wconf 88' lang='lat' dir='ltr'>codd.</span> 
     </span>
    </p>
   </div>
   <div class='ocr_carea' id='block_1_7' title="bbox 190 3494 1220 3657">
    <p class='ocr_par' dir='ltr' id='par_1_7' title="bbox 190 3494 1220 3657">
     <span class='ocr_line' id='line_1_35' title="bbox 190 3494 1220 3575; baseline -0.004 -14"><span class='ocrx_word' id='word_1_300' title='bbox 190 3506 252 3574; x_wconf 78' lang='grc' dir='ltr'>,οὐκ</span> <span class='ocrx_word' id='word_1_301' title='bbox 269 3501 300 3560; x_wconf 69' lang='grc' dir='ltr'>ἄν</span> <span class='ocrx_word' id='word_1_302' title='bbox 318 3504 381 3573; x_wconf 66' lang='grc' dir='ltr'><strong>ἡμῖν</strong></span> <span class='ocrx_word' id='word_1_303' title='bbox 400 3505 493 3575; x_wconf 80' lang='grc' dir='ltr'><strong>συνέβη</strong></span> <span class='ocrx_word' id='word_1_304' title='bbox 502 3508 519 3568; x_wconf 89' lang='grc'>’)</span> <span class='ocrx_word' id='word_1_305' title='bbox 544 3494 693 3556; x_wconf 78' lang='grc'>6111661666</span> <span class='ocrx_word' id='word_1_306' title='bbox 711 3511 808 3570; x_wconf 82' lang='lat' dir='ltr'>scripsit</span> <span class='ocrx_word' id='word_1_307' title='bbox 831 3505 890 3573; x_wconf 71' lang='grc' dir='ltr'>,οὐκ</span> <span class='ocrx_word' id='word_1_308' title='bbox 908 3500 937 3559; x_wconf 73' lang='grc' dir='ltr'>ἂν</span> <span class='ocrx_word' id='word_1_309' title='bbox 957 3497 1013 3560; x_wconf 82' lang='grc' dir='ltr'><strong>οὐν’</strong></span> <span class='ocrx_word' id='word_1_310' title='bbox 1031 3526 1061 3557; x_wconf 86' lang='lat' dir='ltr'>ex</span> <span class='ocrx_word' id='word_1_311' title='bbox 1079 3511 1220 3557; x_wconf 87' lang='lat' dir='ltr'>coniectura</span> 
     </span>
     <span class='ocr_line' id='line_1_36' title="bbox 190 3595 617 3657; baseline -0.007 -14"><span class='ocrx_word' id='word_1_312' title='bbox 190 3597 280 3645; x_wconf 86' lang='lat' dir='ltr'>codicis</span> <span class='ocrx_word' id='word_1_313' title='bbox 298 3596 410 3657; x_wconf 86' lang='lat' dir='ltr'>apicibus</span> <span class='ocrx_word' id='word_1_314' title='bbox 427 3595 617 3642; x_wconf 83' lang='lat' dir='ltr'>accommodata.</span> 
     </span>
    </p>
   </div>
   <div class='ocr_carea' id='block_1_8' title="bbox 190 3698 1221 4022">
    <p class='ocr_par' dir='ltr' id='par_1_8' title="bbox 190 3698 1221 4022">
     <span class='ocr_line' id='line_1_37' title="bbox 258 3698 1218 3758; baseline 0 -13"><span class='ocrx_word' id='word_1_315' title='bbox 258 3700 345 3746; x_wconf 85' lang='lat' dir='ltr'>Varini</span> <span class='ocrx_word' id='word_1_316' title='bbox 368 3698 474 3758; x_wconf 78' lang='lat' dir='ltr'>vestigia</span> <span class='ocrx_word' id='word_1_317' title='bbox 498 3711 583 3744; x_wconf 86' lang='lat' dir='ltr'>rursus</span> <span class='ocrx_word' id='word_1_318' title='bbox 605 3703 749 3757; x_wconf 85' lang='lat' dir='ltr'>persecutus</span> <span class='ocrx_word' id='word_1_319' title='bbox 773 3704 810 3745; x_wconf 86' lang='lat' dir='ltr'>est</span> <span class='ocrx_word' id='word_1_320' title='bbox 834 3698 905 3745; x_wconf 87' lang='lat' dir='ltr'>lexiei</span> <span class='ocrx_word' id='word_1_321' title='bbox 931 3704 1025 3758; x_wconf 86' lang='lat' dir='ltr'>auctor,</span> <span class='ocrx_word' id='word_1_322' title='bbox 1050 3699 1115 3756; x_wconf 92' lang='lat' dir='ltr'>quod</span> <span class='ocrx_word' id='word_1_323' title='bbox 1136 3698 1218 3745; x_wconf 91' lang='lat' dir='ltr'>Phile-</span> 
     </span>
     <span class='ocr_line' id='line_1_38' title="bbox 190 3776 1219 3847; baseline -0.003 -14"><span class='ocrx_word' id='word_1_324' title='bbox 190 3786 271 3833; x_wconf 85' lang='lat' dir='ltr'>monis</span> <span class='ocrx_word' id='word_1_325' title='bbox 289 3799 376 3831; x_wconf 90' lang='lat' dir='ltr'>nomen</span> <span class='ocrx_word' id='word_1_326' title='bbox 395 3785 419 3830; x_wconf 92' lang='lat' dir='ltr'>in</span> <span class='ocrx_word' id='word_1_327' title='bbox 440 3783 522 3830; x_wconf 81' lang='grc'>166616</span> <span class='ocrx_word' id='word_1_328' title='bbox 539 3783 609 3843; x_wconf 85' lang='lat' dir='ltr'>gerit</span> <span class='ocrx_word' id='word_1_329' title='bbox 645 3782 693 3841; x_wconf 82' lang='lat' dir='ltr'>Qui</span> <span class='ocrx_word' id='word_1_330' title='bbox 715 3784 760 3830; x_wconf 86' lang='lat' dir='ltr'>sub</span> <span class='ocrx_word' id='word_1_331' title='bbox 778 3799 802 3830; x_wconf 89' lang='lat' dir='ltr'>v.</span> <span class='ocrx_word' id='word_1_332' title='bbox 821 3776 921 3847; x_wconf 78' lang='grc' dir='ltr'><strong>εὐφυής</strong></span> <span class='ocrx_word' id='word_1_333' title='bbox 938 3785 981 3843; x_wconf 81' lang='lat' dir='ltr'>fig.</span> <span class='ocrx_word' id='word_1_334' title='bbox 999 3784 1135 3831; x_wconf 81' lang='lat' dir='ltr'>Euboicam</span> <span class='ocrx_word' id='word_1_335' title='bbox 1153 3784 1165 3829; x_wconf 91' lang='lat'>1</span> <span class='ocrx_word' id='word_1_336' title='bbox 1182 3784 1219 3830; x_wconf 91' lang='lat' dir='ltr'>in-</span> 
     </span>
     <span class='ocr_line' id='line_1_39' title="bbox 191 3862 1219 3933; baseline -0.001 -16"><span class='ocrx_word' id='word_1_337' title='bbox 191 3885 263 3919; x_wconf 84' lang='lat' dir='ltr'>verso</span> <span class='ocrx_word' id='word_1_338' title='bbox 281 3871 385 3918; x_wconf 86' lang='lat' dir='ltr'>duarum</span> <span class='ocrx_word' id='word_1_339' title='bbox 407 3871 512 3930; x_wconf 88' lang='lat' dir='ltr'>partium</span> <span class='ocrx_word' id='word_1_340' title='bbox 537 3868 622 3916; x_wconf 88' lang='lat' dir='ltr'>ordine</span> <span class='ocrx_word' id='word_1_341' title='bbox 645 3869 753 3916; x_wconf 83' lang='lat' dir='ltr'>rettulit:</span> <span class='ocrx_word' id='word_1_342' title='bbox 779 3862 891 3933; x_wconf 74' lang='grc' dir='ltr'><strong>εὐφυής·</strong></span> <span class='ocrx_word' id='word_1_343' title='bbox 911 3863 924 3919; x_wconf 78' lang='grc' dir='ltr'>ὅ</span> <span class='ocrx_word' id='word_1_344' title='bbox 943 3864 1028 3928; x_wconf 80' lang='grc' dir='ltr'><strong>δεξιὰν</strong></span> <span class='ocrx_word' id='word_1_345' title='bbox 1050 3865 1126 3933; x_wconf 83' lang='grc' dir='ltr'><strong>φύσιν</strong></span> <span class='ocrx_word' id='word_1_346' title='bbox 1146 3864 1219 3933; x_wconf 80' lang='grc' dir='ltr'><strong>ἔχων.</strong></span> 
     </span>
     <span class='ocr_line' id='line_1_40' title="bbox 191 3947 1221 4022; baseline -0.002 -16"><span class='ocrx_word' id='word_1_347' title='bbox 191 3949 302 4022; x_wconf 76' lang='grc' dir='ltr'><strong>Εὐβοεῖς</strong></span> <span class='ocrx_word' id='word_1_348' title='bbox 327 3949 436 4020; x_wconf 80' lang='grc' dir='ltr'>,εὐφυής</span> <span class='ocrx_word' id='word_1_349' title='bbox 455 3951 560 4006; x_wconf 81' lang='grc' dir='ltr'><strong>παιδίον·</strong></span> <span class='ocrx_word' id='word_1_350' title='bbox 586 3950 707 4018; x_wconf 85' lang='grc' dir='ltr'><strong>λέγουσιν,</strong></span> <span class='ocrx_word' id='word_1_351' title='bbox 731 3957 783 4011; x_wconf 86' lang='grc' dir='ltr'><strong>τοῖς</strong></span> <span class='ocrx_word' id='word_1_352' title='bbox 807 3947 948 4018; x_wconf 72' lang='grc' dir='ltr'><strong>οὐδετέροις</strong></span> <span class='ocrx_word' id='word_1_353' title='bbox 967 3947 1076 4017; x_wconf 76' lang='grc' dir='ltr'><strong>ὀνόμασι</strong></span> <span class='ocrx_word' id='word_1_354' title='bbox 1098 3947 1221 4015; x_wconf 79' lang='grc' dir='ltr'><strong>ἀρσενικὰ</strong></span> 
     </span>
    </p>
   </div>
   <div class='ocr_carea' id='block_1_9' title="bbox 0 0 1423 4710">
    <p class='ocr_par' dir='ltr' id='par_1_9' title="bbox 0 0 1423 4710">
     <span class='ocr_line' id='line_1_41' title="bbox 0 0 1423 4710; baseline 0 0"><span class='ocrx_word' id='word_1_355' title='bbox 0 0 1423 4710; x_wconf 95' lang='lat' dir='ltr'> </span> 
     </span>
    </p>
   </div>
  </div>
 </body>
</html>
