<?xml version="1.0" encoding="UTF-8"?>
<!DOCTYPE html PUBLIC "-//W3C//DTD XHTML 1.0 Transitional//EN"
    "http://www.w3.org/TR/xhtml1/DTD/xhtml1-transitional.dtd">
<html xmlns="http://www.w3.org/1999/xhtml" xml:lang="en" lang="en">
 <head>
  <title>
</title>
<meta http-equiv="Content-Type" content="text/html;charset=utf-8" />
  <meta name='ocr-system' content='tesseract 3.04.00' />
  <meta name='ocr-capabilities' content='ocr_page ocr_carea ocr_par ocr_line ocrx_word'/>
</head>
<body>
  <div class='ocr_page' id='page_1' title='image "./delesbonactegra00muelgoog_0096.png"; bbox 0 0 2812 4710; ppageno 0'>
   <div class='ocr_carea' id='block_1_1' title="bbox 194 234 800 304">
    <p class='ocr_par' dir='ltr' id='par_1_1' title="bbox 194 234 800 304">
     <span class='ocr_line' id='line_1_1' title="bbox 194 234 800 304; baseline -0.02 -6"><span class='ocrx_word' id='word_1_1' title='bbox 194 240 228 301; x_wconf 77' lang='lat' dir='ltr'>IV</span> <span class='ocrx_word' id='word_1_2' title='bbox 595 234 800 304; x_wconf 73' lang='grc'>..79-</span> 
     </span>
    </p>
   </div>
   <div class='ocr_carea' id='block_1_2' title="bbox 132 411 1281 2955">
    <p class='ocr_par' dir='ltr' id='par_1_2' title="bbox 190 411 1208 1107">
     <span class='ocr_line' id='line_1_2' title="bbox 193 411 1207 492; baseline 0.003 -22"><span class='ocrx_word' id='word_1_3' title='bbox 193 412 391 479; x_wconf 84' lang='lat' dir='ltr'>aStesichcro</span> <span class='ocrx_word' id='word_1_4' title='bbox 422 411 541 492; x_wconf 90' lang='lat' dir='ltr'>quidem</span> <span class='ocrx_word' id='word_1_5' title='bbox 565 414 615 473; x_wconf 89' lang='lat' dir='ltr'>vel</span> <span class='ocrx_word' id='word_1_6' title='bbox 637 413 788 472; x_wconf 80' lang='lat' dir='ltr'>Simonide</span> <span class='ocrx_word' id='word_1_7' title='bbox 813 412 1016 472; x_wconf 72' lang='lat' dir='ltr'>denominatae</span> <span class='ocrx_word' id='word_1_8' title='bbox 1043 419 1074 472; x_wconf 91' lang='lat' dir='ltr'>et</span> <span class='ocrx_word' id='word_1_9' title='bbox 1096 411 1207 486; x_wconf 86' lang='lat' dir='ltr'>dubito,</span> 
     </span>
     <span class='ocr_line' id='line_1_3' title="bbox 192 515 1207 594; baseline -0.001 -21"><span class='ocrx_word' id='word_1_10' title='bbox 192 536 253 573; x_wconf 92' lang='lat' dir='ltr'>num</span> <span class='ocrx_word' id='word_1_11' title='bbox 283 515 457 591; x_wconf 86' lang='lat' dir='ltr'>investigari</span> <span class='ocrx_word' id='word_1_12' title='bbox 487 517 590 592; x_wconf 78' lang='lat' dir='ltr'>possit.</span> <span class='ocrx_word' id='word_1_13' title='bbox 641 516 788 594; x_wconf 88' lang='lat' dir='ltr'>Perquam</span> <span class='ocrx_word' id='word_1_14' title='bbox 819 517 896 573; x_wconf 89' lang='lat' dir='ltr'>enim</span> <span class='ocrx_word' id='word_1_15' title='bbox 935 515 1124 575; x_wconf 80' lang='lat' dir='ltr'>memorabile</span> <span class='ocrx_word' id='word_1_16' title='bbox 1154 521 1207 586; x_wconf 86' lang='lat' dir='ltr'>est,</span> 
     </span>
     <span class='ocr_line' id='line_1_4' title="bbox 192 618 1206 697; baseline -0.002 -21"><span class='ocrx_word' id='word_1_17' title='bbox 192 618 375 697; x_wconf 87' lang='lat' dir='ltr'>quodetiam</span> <span class='ocrx_word' id='word_1_18' title='bbox 397 618 587 679; x_wconf 87' lang='lat' dir='ltr'>Herodianus</span> <span class='ocrx_word' id='word_1_19' title='bbox 610 640 640 676; x_wconf 80' lang='grc' dir='ltr'>π.</span> <span class='ocrx_word' id='word_1_20' title='bbox 664 635 746 694; x_wconf 83' lang='grc' dir='ltr'><strong><em>σχημ.</em></strong></span> <span class='ocrx_word' id='word_1_21' title='bbox 770 618 988 694; x_wconf 78' lang='lat' dir='ltr'>(sp.11[100,</span> <span class='ocrx_word' id='word_1_22' title='bbox 1016 618 1096 695; x_wconf 91' lang='lat'>101),</span> <span class='ocrx_word' id='word_1_23' title='bbox 1120 637 1206 697; x_wconf 88' lang='lat' dir='ltr'>quem</span> 
     </span>
     <span class='ocr_line' id='line_1_5' title="bbox 191 721 1207 781; baseline 0.002 -3"><span class='ocrx_word' id='word_1_24' title='bbox 191 721 264 779; x_wconf 91' lang='lat' dir='ltr'>nullo</span> <span class='ocrx_word' id='word_1_25' title='bbox 287 721 473 781; x_wconf 79' lang='lat' dir='ltr'>necessitatis</span> <span class='ocrx_word' id='word_1_26' title='bbox 495 722 614 780; x_wconf 82' lang='lat' dir='ltr'>vinculo</span> <span class='ocrx_word' id='word_1_27' title='bbox 637 741 703 780; x_wconf 92' lang='lat' dir='ltr'>cum</span> <span class='ocrx_word' id='word_1_28' title='bbox 727 721 909 780; x_wconf 86' lang='lat' dir='ltr'>Lesbonacte</span> <span class='ocrx_word' id='word_1_29' title='bbox 933 723 1120 780; x_wconf 88' lang='lat' dir='ltr'>coniunctum</span> <span class='ocrx_word' id='word_1_30' title='bbox 1144 740 1207 780; x_wconf 88' lang='lat' dir='ltr'>esse</span> 
     </span>
     <span class='ocr_line' id='line_1_6' title="bbox 191 823 1206 903; baseline 0 -22"><span class='ocrx_word' id='word_1_31' title='bbox 191 824 260 882; x_wconf 88' lang='lat' dir='ltr'>infra</span> <span class='ocrx_word' id='word_1_32' title='bbox 276 823 329 903; x_wconf 88' lang='lat' dir='ltr'>(V)</span> <span class='ocrx_word' id='word_1_33' title='bbox 344 825 486 900; x_wconf 87' lang='lat' dir='ltr'>probabo,</span> <span class='ocrx_word' id='word_1_34' title='bbox 512 825 586 884; x_wconf 90' lang='lat' dir='ltr'>haec</span> <span class='ocrx_word' id='word_1_35' title='bbox 608 828 721 882; x_wconf 88' lang='lat' dir='ltr'>tantum</span> <span class='ocrx_word' id='word_1_36' title='bbox 745 824 802 882; x_wconf 90' lang='lat' dir='ltr'>tria</span> <span class='ocrx_word' id='word_1_37' title='bbox 825 825 974 882; x_wconf 88' lang='lat' dir='ltr'>schemata</span> <span class='ocrx_word' id='word_1_38' title='bbox 995 844 1013 881; x_wconf 93' lang='lat' dir='ltr'>a</span> <span class='ocrx_word' id='word_1_39' title='bbox 1034 824 1135 902; x_wconf 88' lang='lat' dir='ltr'>lyricis</span> <span class='ocrx_word' id='word_1_40' title='bbox 1158 825 1206 902; x_wconf 83' lang='lat' dir='ltr'>de·</span> 
     </span>
     <span class='ocr_line' id='line_1_7' title="bbox 191 927 1208 1005; baseline 0 -21"><span class='ocrx_word' id='word_1_41' title='bbox 191 928 334 986; x_wconf 91' lang='lat' dir='ltr'>nominata</span> <span class='ocrx_word' id='word_1_42' title='bbox 356 934 573 999; x_wconf 89' lang='lat' dir='ltr'>commemorat,</span> <span class='ocrx_word' id='word_1_43' title='bbox 597 947 662 985; x_wconf 89' lang='lat' dir='ltr'>cum</span> <span class='ocrx_word' id='word_1_44' title='bbox 686 945 773 985; x_wconf 89' lang='lat' dir='ltr'>causa</span> <span class='ocrx_word' id='word_1_45' title='bbox 795 927 958 1002; x_wconf 83' lang='lat' dir='ltr'>excogitari</span> <span class='ocrx_word' id='word_1_46' title='bbox 981 932 1125 1005; x_wconf 89' lang='lat' dir='ltr'>nequeat,</span> <span class='ocrx_word' id='word_1_47' title='bbox 1156 947 1208 985; x_wconf 91' lang='lat' dir='ltr'>cur</span> 
     </span>
     <span class='ocr_line' id='line_1_8' title="bbox 190 1028 892 1107; baseline -0.001 -21"><span class='ocrx_word' id='word_1_48' title='bbox 190 1028 305 1107; x_wconf 87' lang='lat' dir='ltr'>relique,</span> <span class='ocrx_word' id='word_1_49' title='bbox 329 1029 354 1087; x_wconf 90' lang='lat' dir='ltr'>si</span> <span class='ocrx_word' id='word_1_50' title='bbox 378 1030 464 1088; x_wconf 91' lang='lat' dir='ltr'>modo</span> <span class='ocrx_word' id='word_1_51' title='bbox 487 1030 681 1101; x_wconf 82' lang='lat' dir='ltr'>exstitissent,</span> <span class='ocrx_word' id='word_1_52' title='bbox 704 1028 892 1103; x_wconf 87' lang='lat' dir='ltr'>neglexisset.</span> 
     </span>
    </p>

    <p class='ocr_par' dir='ltr' id='par_1_3' title="bbox 132 1130 1281 2955">
     <span class='ocr_line' id='line_1_9' title="bbox 268 1130 1207 1211; baseline 0 -22"><span class='ocrx_word' id='word_1_53' title='bbox 268 1132 462 1191; x_wconf 85' lang='lat' dir='ltr'>Transeamus</span> <span class='ocrx_word' id='word_1_54' title='bbox 484 1134 521 1191; x_wconf 88' lang='lat' dir='ltr'>ad</span> <span class='ocrx_word' id='word_1_55' title='bbox 544 1133 670 1208; x_wconf 87' lang='lat' dir='ltr'>figuras,</span> <span class='ocrx_word' id='word_1_56' title='bbox 703 1152 775 1211; x_wconf 83' lang='lat' dir='ltr'>quas</span> <span class='ocrx_word' id='word_1_57' title='bbox 806 1131 954 1189; x_wconf 88' lang='lat' dir='ltr'>urbium</span> <span class='ocrx_word' id='word_1_58' title='bbox 978 1130 1136 1190; x_wconf 81' lang='lat' dir='ltr'>incolae</span> <span class='ocrx_word' id='word_1_59' title='bbox 1158 1132 1207 1189; x_wconf 85' lang='lat' dir='ltr'>vel</span> 
     </span>
     <span class='ocr_line' id='line_1_10' title="bbox 191 1233 1207 1311; baseline -0.003 -18"><span class='ocrx_word' id='word_1_60' title='bbox 191 1241 324 1308; x_wconf 85' lang='lat' dir='ltr'>gentes</span> <span class='ocrx_word' id='word_1_61' title='bbox 355 1255 511 1311; x_wconf 84' lang='lat' dir='ltr'>usurpasse</span> <span class='ocrx_word' id='word_1_62' title='bbox 544 1236 689 1294; x_wconf 90' lang='lat' dir='ltr'>dicuntur.</span> <span class='ocrx_word' id='word_1_63' title='bbox 735 1234 817 1297; x_wconf 70' lang='lat' dir='ltr'>Quae</span> <span class='ocrx_word' id='word_1_64' title='bbox 840 1233 987 1293; x_wconf 81' lang='lat' dir='ltr'>Steinthal</span> <span class='ocrx_word' id='word_1_65' title='bbox 1020 1234 1056 1292; x_wconf 92' lang='lat' dir='ltr'>de</span> <span class='ocrx_word' id='word_1_66' title='bbox 1085 1235 1133 1292; x_wconf 89' lang='lat' dir='ltr'>his</span> <span class='ocrx_word' id='word_1_67' title='bbox 1155 1254 1207 1292; x_wconf 87' lang='lat' dir='ltr'>ex·</span> 
     </span>
     <span class='ocr_line' id='line_1_11' title="bbox 190 1335 1208 1412; baseline -0.001 -16"><span class='ocrx_word' id='word_1_68' title='bbox 190 1338 294 1412; x_wconf 87' lang='lat' dir='ltr'>posuit,</span> <span class='ocrx_word' id='word_1_69' title='bbox 318 1337 366 1396; x_wconf 89' lang='lat' dir='ltr'>cui</span> <span class='ocrx_word' id='word_1_70' title='bbox 388 1339 604 1397; x_wconf 87' lang='lat' dir='ltr'>aLesbonacte</span> <span class='ocrx_word' id='word_1_71' title='bbox 626 1338 752 1397; x_wconf 83' lang='lat' dir='ltr'>frustula</span> <span class='ocrx_word' id='word_1_72' title='bbox 772 1338 914 1395; x_wconf 87' lang='lat' dir='ltr'>sermonis</span> <span class='ocrx_word' id='word_1_73' title='bbox 936 1335 1068 1410; x_wconf 84' lang='lat' dir='ltr'>vulgaris</span> <span class='ocrx_word' id='word_1_74' title='bbox 1091 1343 1208 1396; x_wconf 87' lang='lat' dir='ltr'>servata</span> 
     </span>
     <span class='ocr_line' id='line_1_12' title="bbox 189 1438 1207 1518; baseline -0.001 -22"><span class='ocrx_word' id='word_1_75' title='bbox 189 1440 321 1499; x_wconf 83' lang='lat' dir='ltr'>videntur</span> <span class='ocrx_word' id='word_1_76' title='bbox 337 1442 444 1518; x_wconf 73' lang='lat' dir='ltr'>esse1),</span> <span class='ocrx_word' id='word_1_77' title='bbox 460 1441 532 1499; x_wconf 94' lang='lat' dir='ltr'>mihi</span> <span class='ocrx_word' id='word_1_78' title='bbox 549 1461 608 1498; x_wconf 91' lang='lat' dir='ltr'>non</span> <span class='ocrx_word' id='word_1_79' title='bbox 621 1442 792 1516; x_wconf 89' lang='lat' dir='ltr'>probantur.</span> <span class='ocrx_word' id='word_1_80' title='bbox 816 1440 845 1498; x_wconf 89' lang='lat' dir='ltr'>N</span> <span class='ocrx_word' id='word_1_81' title='bbox 846 1460 891 1497; x_wconf 90' lang='lat' dir='ltr'>am</span> <span class='ocrx_word' id='word_1_82' title='bbox 904 1445 1072 1516; x_wconf 84' lang='lat' dir='ltr'>repugnant</span> <span class='ocrx_word' id='word_1_83' title='bbox 1084 1438 1207 1515; x_wconf 72' lang='lat' dir='ltr'>tituli2),</span> 
     </span>
     <span class='ocr_line' id='line_1_13' title="bbox 190 1540 1281 1621; baseline -0.002 -21"><span class='ocrx_word' id='word_1_84' title='bbox 190 1543 233 1621; x_wconf 88' lang='lat' dir='ltr'>qui</span> <span class='ocrx_word' id='word_1_85' title='bbox 256 1544 390 1616; x_wconf 90' lang='lat' dir='ltr'>schema,</span> <span class='ocrx_word' id='word_1_86' title='bbox 417 1544 495 1621; x_wconf 91' lang='lat' dir='ltr'>quod</span> <span class='ocrx_word' id='word_1_87' title='bbox 519 1543 676 1602; x_wconf 89' lang='lat' dir='ltr'>Lesbonax</span> <span class='ocrx_word' id='word_1_88' title='bbox 700 1543 807 1602; x_wconf 78' lang='lat' dir='ltr'>Atticis</span> <span class='ocrx_word' id='word_1_89' title='bbox 830 1542 935 1601; x_wconf 87' lang='lat' dir='ltr'>tribuit</span> <span class='ocrx_word' id='word_1_90' title='bbox 958 1540 998 1617; x_wconf 92' lang='lat' dir='ltr'>(p.</span> <span class='ocrx_word' id='word_1_91' title='bbox 1016 1545 1066 1612; x_wconf 85' lang='lat'>49,</span> <span class='ocrx_word' id='word_1_92' title='bbox 1083 1540 1145 1618; x_wconf 81' lang='lat'>21),</span> <span class='ocrx_word' id='word_1_93' title='bbox 1169 1542 1206 1599; x_wconf 91' lang='lat' dir='ltr'>ab</span> <span class='ocrx_word' id='word_1_94' title='bbox 1280 1559 1281 1562; x_wconf 69' lang='grc'>’</span> 
     </span>
     <span class='ocr_line' id='line_1_14' title="bbox 189 1637 1207 1723; baseline 0 -22"><span class='ocrx_word' id='word_1_95' title='bbox 189 1646 229 1704; x_wconf 88' lang='lat' dir='ltr'>his</span> <span class='ocrx_word' id='word_1_96' title='bbox 244 1646 433 1723; x_wconf 81' lang='lat' dir='ltr'>abhorruisse</span> <span class='ocrx_word' id='word_1_97' title='bbox 451 1647 601 1706; x_wconf 86' lang='lat' dir='ltr'>evincunt.</span> <span class='ocrx_word' id='word_1_98' title='bbox 624 1644 837 1705; x_wconf 87' lang='lat' dir='ltr'>Particularum</span> <span class='ocrx_word' id='word_1_99' title='bbox 854 1645 932 1703; x_wconf 86' lang='lat' dir='ltr'>enim</span> <span class='ocrx_word' id='word_1_100' title='bbox 951 1641 1028 1722; x_wconf 66' lang='lat' dir='ltr'>,i&#39;vc&#39;</span> <span class='ocrx_word' id='word_1_101' title='bbox 1046 1637 1207 1722; x_wconf 66' lang='lat' dir='ltr'>et,drrro3’,</span> 
     </span>
     <span class='ocr_line' id='line_1_15' title="bbox 189 1746 1206 1826; baseline -0.002 -20"><span class='ocrx_word' id='word_1_102' title='bbox 189 1767 255 1826; x_wconf 88' lang='lat' dir='ltr'>quas</span> <span class='ocrx_word' id='word_1_103' title='bbox 278 1749 379 1806; x_wconf 87' lang='lat' dir='ltr'>Attico</span> <span class='ocrx_word' id='word_1_104' title='bbox 403 1767 483 1807; x_wconf 92' lang='lat' dir='ltr'>more</span> <span class='ocrx_word' id='word_1_105' title='bbox 505 1768 570 1806; x_wconf 92' lang='lat' dir='ltr'>cum</span> <span class='ocrx_word' id='word_1_106' title='bbox 595 1748 737 1822; x_wconf 87' lang='lat' dir='ltr'>optativo,</span> <span class='ocrx_word' id='word_1_107' title='bbox 768 1767 820 1823; x_wconf 88' lang='lat' dir='ltr'>pro</span> <span class='ocrx_word' id='word_1_108' title='bbox 852 1747 1039 1806; x_wconf 88' lang='lat' dir='ltr'>coniunctivo</span> <span class='ocrx_word' id='word_1_109' title='bbox 1067 1746 1206 1821; x_wconf 88' lang='lat' dir='ltr'>coniungi</span> 
     </span>
     <span class='ocr_line' id='line_1_16' title="bbox 189 1849 1207 1928; baseline 0.001 -21"><span class='ocrx_word' id='word_1_110' title='bbox 189 1850 308 1926; x_wconf 87' lang='lat' dir='ltr'>scriptor</span> <span class='ocrx_word' id='word_1_111' title='bbox 316 1855 418 1909; x_wconf 89' lang='lat' dir='ltr'>noster</span> <span class='ocrx_word' id='word_1_112' title='bbox 429 1850 590 1923; x_wconf 91' lang='lat' dir='ltr'>contendit,</span> <span class='ocrx_word' id='word_1_113' title='bbox 603 1850 730 1925; x_wconf 88' lang='lat' dir='ltr'>priorem</span> <span class='ocrx_word' id='word_1_114' title='bbox 743 1869 893 1928; x_wconf 91' lang='lat' dir='ltr'>nunquam</span> <span class='ocrx_word' id='word_1_115' title='bbox 904 1867 969 1907; x_wconf 93' lang='lat' dir='ltr'>cum</span> <span class='ocrx_word' id='word_1_116' title='bbox 980 1849 1123 1924; x_wconf 81' lang='lat' dir='ltr'>optativo,</span> <span class='ocrx_word' id='word_1_117' title='bbox 1132 1869 1207 1908; x_wconf 88' lang='lat' dir='ltr'>sem·</span> 
     </span>
     <span class='ocr_line' id='line_1_17' title="bbox 188 1952 1208 2028; baseline 0 -18"><span class='ocrx_word' id='word_1_118' title='bbox 188 1971 235 2026; x_wconf 90' lang='lat' dir='ltr'>per</span> <span class='ocrx_word' id='word_1_119' title='bbox 257 1973 323 2011; x_wconf 91' lang='lat' dir='ltr'>cum</span> <span class='ocrx_word' id='word_1_120' title='bbox 347 1952 545 2025; x_wconf 88' lang='lat' dir='ltr'>coniunctivo,</span> <span class='ocrx_word' id='word_1_121' title='bbox 569 1953 690 2010; x_wconf 88' lang='lat' dir='ltr'>alteram</span> <span class='ocrx_word' id='word_1_122' title='bbox 707 1971 772 2009; x_wconf 88' lang='lat' dir='ltr'>raro</span> <span class='ocrx_word' id='word_1_123' title='bbox 795 1971 861 2010; x_wconf 92' lang='lat' dir='ltr'>cum</span> <span class='ocrx_word' id='word_1_124' title='bbox 876 1952 932 2010; x_wconf 87' lang='lat' dir='ltr'>fut.</span> <span class='ocrx_word' id='word_1_125' title='bbox 953 1957 983 2010; x_wconf 91' lang='lat' dir='ltr'>et</span> <span class='ocrx_word' id='word_1_126' title='bbox 998 1956 1068 2027; x_wconf 79' lang='lat' dir='ltr'>opt,</span> <span class='ocrx_word' id='word_1_127' title='bbox 1091 1952 1208 2028; x_wconf 85' lang='lat' dir='ltr'>saepius</span> 
     </span>
     <span class='ocr_line' id='line_1_18' title="bbox 189 2054 1207 2131; baseline 0.001 -20"><span class='ocrx_word' id='word_1_128' title='bbox 189 2073 245 2113; x_wconf 90' lang='lat' dir='ltr'>cum</span> <span class='ocrx_word' id='word_1_129' title='bbox 258 2055 336 2114; x_wconf 90' lang='lat' dir='ltr'>coni.</span> <span class='ocrx_word' id='word_1_130' title='bbox 346 2055 517 2114; x_wconf 89' lang='lat' dir='ltr'>coniunctas</span> <span class='ocrx_word' id='word_1_131' title='bbox 527 2055 642 2114; x_wconf 80' lang='lat' dir='ltr'>Atticae</span> <span class='ocrx_word' id='word_1_132' title='bbox 654 2054 861 2130; x_wconf 82' lang='lat' dir='ltr'>inscriptiones</span> <span class='ocrx_word' id='word_1_133' title='bbox 874 2055 1028 2114; x_wconf 88' lang='lat' dir='ltr'>exhibent.</span> <span class='ocrx_word' id='word_1_134' title='bbox 1051 2056 1091 2113; x_wconf 84' lang='lat' dir='ltr'>Et</span> <span class='ocrx_word' id='word_1_135' title='bbox 1099 2056 1207 2131; x_wconf 85' lang='lat' dir='ltr'>proba·</span> 
     </span>
     <span class='ocr_line' id='line_1_19' title="bbox 188 2157 1206 2236; baseline -0.001 -21"><span class='ocrx_word' id='word_1_136' title='bbox 188 2158 269 2217; x_wconf 89' lang='lat' dir='ltr'>bilior</span> <span class='ocrx_word' id='word_1_137' title='bbox 280 2163 327 2216; x_wconf 91' lang='lat' dir='ltr'>est</span> <span class='ocrx_word' id='word_1_138' title='bbox 341 2157 400 2216; x_wconf 86' lang='lat' dir='ltr'>alia</span> <span class='ocrx_word' id='word_1_139' title='bbox 414 2159 570 2230; x_wconf 88' lang='lat' dir='ltr'>sententia,</span> <span class='ocrx_word' id='word_1_140' title='bbox 587 2177 625 2214; x_wconf 84' lang='lat' dir='ltr'>ex</span> <span class='ocrx_word' id='word_1_141' title='bbox 641 2177 699 2236; x_wconf 87' lang='lat' dir='ltr'>qua</span> <span class='ocrx_word' id='word_1_142' title='bbox 712 2158 823 2232; x_wconf 84' lang='lat' dir='ltr'>figurae</span> <span class='ocrx_word' id='word_1_143' title='bbox 835 2177 942 2215; x_wconf 87' lang='lat' dir='ltr'>nomen</span> <span class='ocrx_word' id='word_1_144' title='bbox 955 2163 1132 2234; x_wconf 87' lang='lat' dir='ltr'>acceperuut</span> <span class='ocrx_word' id='word_1_145' title='bbox 1143 2157 1206 2216; x_wconf 85' lang='lat' dir='ltr'>sive</span> 
     </span>
     <span class='ocr_line' id='line_1_20' title="bbox 187 2247 1205 2339; baseline 0 -22"><span class='ocrx_word' id='word_1_146' title='bbox 187 2261 309 2336; x_wconf 85' lang='lat' dir='ltr'>epatria</span> <span class='ocrx_word' id='word_1_147' title='bbox 332 2260 518 2336; x_wconf 89' lang='lat' dir='ltr'>scriptorum,</span> <span class='ocrx_word' id='word_1_148' title='bbox 542 2280 666 2339; x_wconf 89' lang='lat' dir='ltr'>quorum</span> <span class='ocrx_word' id='word_1_149' title='bbox 683 2260 714 2317; x_wconf 89' lang='lat' dir='ltr'>in</span> <span class='ocrx_word' id='word_1_150' title='bbox 730 2259 869 2334; x_wconf 90' lang='lat' dir='ltr'>operibus</span> <span class='ocrx_word' id='word_1_151' title='bbox 884 2247 1121 2332; x_wconf 85' lang='lat' dir='ltr'>inveniebantur,</span> <span class='ocrx_word' id='word_1_152' title='bbox 1143 2259 1205 2318; x_wconf 88' lang='lat' dir='ltr'>sive</span> 
     </span>
     <span class='ocr_line' id='line_1_21' title="bbox 188 2361 1204 2439; baseline 0 -19"><span class='ocrx_word' id='word_1_153' title='bbox 188 2371 318 2439; x_wconf 81' lang='lat' dir='ltr'>agente,</span> <span class='ocrx_word' id='word_1_154' title='bbox 350 2363 396 2421; x_wconf 90' lang='lat' dir='ltr'>cui</span> <span class='ocrx_word' id='word_1_155' title='bbox 426 2362 585 2438; x_wconf 88' lang='lat' dir='ltr'>scriptores</span> <span class='ocrx_word' id='word_1_156' title='bbox 613 2361 721 2420; x_wconf 90' lang='lat' dir='ltr'>addicti</span> <span class='ocrx_word' id='word_1_157' title='bbox 756 2368 840 2421; x_wconf 88' lang='lat' dir='ltr'>erant</span> <span class='ocrx_word' id='word_1_158' title='bbox 860 2362 910 2420; x_wconf 84' lang='lat' dir='ltr'>vel</span> <span class='ocrx_word' id='word_1_159' title='bbox 932 2363 1014 2421; x_wconf 84' lang='lat' dir='ltr'>cuius</span> <span class='ocrx_word' id='word_1_160' title='bbox 1036 2362 1139 2438; x_wconf 86' lang='lat' dir='ltr'>lingua</span> <span class='ocrx_word' id='word_1_161' title='bbox 1160 2363 1204 2420; x_wconf 91' lang='lat' dir='ltr'>usi</span> 
     </span>
     <span class='ocr_line' id='line_1_22' title="bbox 187 2465 1206 2548; baseline 0.001 -25"><span class='ocrx_word' id='word_1_162' title='bbox 187 2484 244 2525; x_wconf 87' lang='lat' dir='ltr'>esse</span> <span class='ocrx_word' id='word_1_163' title='bbox 266 2468 449 2527; x_wconf 87' lang='lat' dir='ltr'>ferebantur.</span> <span class='ocrx_word' id='word_1_164' title='bbox 493 2466 587 2525; x_wconf 84' lang='lat' dir='ltr'>Simili</span> <span class='ocrx_word' id='word_1_165' title='bbox 612 2466 689 2523; x_wconf 89' lang='lat' dir='ltr'>enim</span> <span class='ocrx_word' id='word_1_166' title='bbox 715 2466 801 2548; x_wconf 89' lang='lat' dir='ltr'>modo</span> <span class='ocrx_word' id='word_1_167' title='bbox 825 2465 956 2540; x_wconf 84' lang='lat' dir='ltr'>singulas</span> <span class='ocrx_word' id='word_1_168' title='bbox 979 2485 1066 2525; x_wconf 88' lang='lat' dir='ltr'>voces</span> <span class='ocrx_word' id='word_1_169' title='bbox 1089 2472 1119 2525; x_wconf 89' lang='lat' dir='ltr'>et</span> <span class='ocrx_word' id='word_1_170' title='bbox 1140 2485 1206 2526; x_wconf 84' lang='lat' dir='ltr'>ver-</span> 
     </span>
     <span class='ocr_line' id='line_1_23' title="bbox 187 2570 1204 2646; baseline -0.002 -18"><span class='ocrx_word' id='word_1_171' title='bbox 187 2571 285 2629; x_wconf 91' lang='lat' dir='ltr'>borum</span> <span class='ocrx_word' id='word_1_172' title='bbox 308 2573 418 2629; x_wconf 85' lang='lat' dir='ltr'>formas</span> <span class='ocrx_word' id='word_1_173' title='bbox 440 2571 556 2628; x_wconf 89' lang='lat' dir='ltr'>urbium</span> <span class='ocrx_word' id='word_1_174' title='bbox 579 2570 685 2628; x_wconf 90' lang='lat' dir='ltr'>incolis</span> <span class='ocrx_word' id='word_1_175' title='bbox 701 2570 821 2629; x_wconf 86' lang='lat' dir='ltr'>attribui</span> <span class='ocrx_word' id='word_1_176' title='bbox 838 2570 1024 2646; x_wconf 88' lang='lat' dir='ltr'>exploratum</span> <span class='ocrx_word' id='word_1_177' title='bbox 1040 2577 1094 2629; x_wconf 89' lang='lat' dir='ltr'>est.</span> <span class='ocrx_word' id='word_1_178' title='bbox 1127 2570 1204 2628; x_wconf 80' lang='lat' dir='ltr'>Audi</span> 
     </span>
     <span class='ocr_line' id='line_1_24' title="bbox 188 2671 1203 2751; baseline -0.002 -21"><span class='ocrx_word' id='word_1_179' title='bbox 188 2671 432 2748; x_wconf 80' lang='lat' dir='ltr'>Wilamowitni³)</span> <span class='ocrx_word' id='word_1_180' title='bbox 456 2674 563 2732; x_wconf 88' lang='lat' dir='ltr'>verba:</span> <span class='ocrx_word' id='word_1_181' title='bbox 599 2672 679 2751; x_wconf 69' lang='lat' dir='ltr'>„Die</span> <span class='ocrx_word' id='word_1_182' title='bbox 701 2672 943 2732; x_wconf 83' lang='lat' dir='ltr'>hellenistischen</span> <span class='ocrx_word' id='word_1_183' title='bbox 967 2673 1203 2745; x_wconf 83' lang='lat' dir='ltr'>Missbildungen</span> 
     </span>
     <span class='ocr_line' id='line_1_25' title="bbox 186 2767 1205 2854; baseline 0.002 -24"><span class='ocrx_word' id='word_1_184' title='bbox 186 2774 212 2832; x_wconf 89' lang='lat' dir='ltr'>in</span> <span class='ocrx_word' id='word_1_185' title='bbox 235 2777 291 2834; x_wconf 90' lang='lat' dir='ltr'>den</span> <span class='ocrx_word' id='word_1_186' title='bbox 315 2776 441 2836; x_wconf 80' lang='lat' dir='ltr'>aweiten</span> <span class='ocrx_word' id='word_1_187' title='bbox 463 2778 604 2835; x_wconf 80' lang='lat' dir='ltr'>horisten</span> <span class='ocrx_word' id='word_1_188' title='bbox 634 2776 691 2836; x_wconf 86' lang='lat' dir='ltr'>wie</span> <span class='ocrx_word' id='word_1_189' title='bbox 714 2767 888 2854; x_wconf 42' lang='grc' dir='ltr'>ζέλάβοσοιν7</span> <span class='ocrx_word' id='word_1_190' title='bbox 918 2777 969 2834; x_wconf 88' lang='lat' dir='ltr'>hat</span> <span class='ocrx_word' id='word_1_191' title='bbox 993 2775 1205 2851; x_wconf 81' lang='lat' dir='ltr'>Aristophanes</span> 
     </span>
     <span class='ocr_line' id='line_1_26' title="bbox 132 2877 1205 2955; baseline 0.001 -22"><span class='ocrx_word' id='word_1_192' title='bbox 132 2921 133 2927; x_wconf 56' lang='lat'>.</span> <span class='ocrx_word' id='word_1_193' title='bbox 186 2895 210 2935; x_wconf 78' lang='lat' dir='ltr'>v.</span> <span class='ocrx_word' id='word_1_194' title='bbox 233 2878 304 2955; x_wconf 82' lang='lat' dir='ltr'>Byz.</span> <span class='ocrx_word' id='word_1_195' title='bbox 328 2877 525 2938; x_wconf 89' lang='lat' dir='ltr'>chalcidische</span> <span class='ocrx_word' id='word_1_196' title='bbox 547 2883 688 2954; x_wconf 82' lang='lat' dir='ltr'>genennt,</span> <span class='ocrx_word' id='word_1_197' title='bbox 710 2877 779 2938; x_wconf 87' lang='lat' dir='ltr'>weil</span> <span class='ocrx_word' id='word_1_198' title='bbox 802 2877 865 2935; x_wconf 89' lang='lat' dir='ltr'>sich</span> <span class='ocrx_word' id='word_1_199' title='bbox 888 2878 1067 2953; x_wconf 87' lang='lat' dir='ltr'>Lycophron</span> <span class='ocrx_word' id='word_1_200' title='bbox 1090 2877 1131 2955; x_wconf 83' lang='lat' dir='ltr'>(v.</span> <span class='ocrx_word' id='word_1_201' title='bbox 1152 2877 1205 2953; x_wconf 83' lang='grc'>21)</span> 
     </span>
    </p>
   </div>
   <div class='ocr_carea' id='block_1_3' title="bbox 189 3051 387 3058">
    <p class='ocr_par' dir='ltr' id='par_1_4' title="bbox 189 3051 387 3058">
     <span class='ocr_line' id='line_1_27' title="bbox 189 3051 387 3058; baseline 0 0"><span class='ocrx_word' id='word_1_202' title='bbox 189 3051 278 3058; x_wconf 76' lang='lat'>—...</span> <span class='ocrx_word' id='word_1_203' title='bbox 299 3053 336 3058; x_wconf 83' lang='lat'><em>...-</em></span> <span class='ocrx_word' id='word_1_204' title='bbox 359 3053 387 3058; x_wconf 77' lang='lat'>..-</span> 
     </span>
    </p>
   </div>
   <div class='ocr_carea' id='block_1_4' title="bbox 185 3150 1205 3992">
    <p class='ocr_par' dir='ltr' id='par_1_5' title="bbox 185 3150 1205 3813">
     <span class='ocr_line' id='line_1_28' title="bbox 250 3150 1204 3217; baseline -0.004 -17"><span class='ocrx_word' id='word_1_205' title='bbox 250 3152 275 3216; x_wconf 93' lang='lat'>1)</span> <span class='ocrx_word' id='word_1_206' title='bbox 295 3154 364 3217; x_wconf 68' lang='lat' dir='ltr'>“Die</span> <span class='ocrx_word' id='word_1_207' title='bbox 382 3153 530 3214; x_wconf 85' lang='lat' dir='ltr'>cigentliche</span> <span class='ocrx_word' id='word_1_208' title='bbox 544 3154 729 3213; x_wconf 87' lang='lat' dir='ltr'>Volhssprache</span> <span class='ocrx_word' id='word_1_209' title='bbox 749 3168 799 3200; x_wconf 93' lang='lat' dir='ltr'>nun</span> <span class='ocrx_word' id='word_1_210' title='bbox 817 3166 861 3211; x_wconf 86' lang='lat' dir='ltr'>gar</span> <span class='ocrx_word' id='word_1_211' title='bbox 880 3157 972 3199; x_wconf 89' lang='lat' dir='ltr'>mnsste</span> <span class='ocrx_word' id='word_1_212' title='bbox 985 3150 1204 3209; x_wconf 82' lang='lat' dir='ltr'>denAnaloglsten</span> 
     </span>
     <span class='ocr_line' id='line_1_29' title="bbox 186 3236 1205 3296; baseline -0.001 -14"><span class='ocrx_word' id='word_1_213' title='bbox 186 3240 219 3285; x_wconf 85' lang='lat' dir='ltr'>als</span> <span class='ocrx_word' id='word_1_214' title='bbox 235 3241 276 3288; x_wconf 87' lang='lat' dir='ltr'>ein</span> <span class='ocrx_word' id='word_1_215' title='bbox 295 3240 387 3287; x_wconf 79' lang='lat' dir='ltr'>Grsucl</span> <span class='ocrx_word' id='word_1_216' title='bbox 405 3240 558 3287; x_wconf 82' lang='lat' dir='ltr'>arachelnen.</span> <span class='ocrx_word' id='word_1_217' title='bbox 593 3239 657 3287; x_wconf 77' lang='lat' dir='ltr'>dede</span> <span class='ocrx_word' id='word_1_218' title='bbox 684 3254 733 3285; x_wconf 89' lang='lat' dir='ltr'>von</span> <span class='ocrx_word' id='word_1_219' title='bbox 753 3239 796 3286; x_wconf 90' lang='lat' dir='ltr'>der</span> <span class='ocrx_word' id='word_1_220' title='bbox 815 3237 1013 3296; x_wconf 82' lang='lat' dir='ltr'>Schristsprachc</span> <span class='ocrx_word' id='word_1_221' title='bbox 1031 3236 1205 3283; x_wconf 88' lang='lat' dir='ltr'>abweichendc</span> 
     </span>
     <span class='ocr_line' id='line_1_30' title="bbox 186 3319 1204 3388; baseline -0.005 -17"><span class='ocrx_word' id='word_1_222' title='bbox 186 3324 255 3372; x_wconf 78' lang='lat' dir='ltr'>Form</span> <span class='ocrx_word' id='word_1_223' title='bbox 279 3328 332 3386; x_wconf 80' lang='lat' dir='ltr'>galt</span> <span class='ocrx_word' id='word_1_224' title='bbox 355 3327 432 3372; x_wconf 88' lang='lat' dir='ltr'>ihnen</span> <span class='ocrx_word' id='word_1_225' title='bbox 458 3327 495 3372; x_wconf 78' lang='lat' dir='ltr'>als</span> <span class='ocrx_word' id='word_1_226' title='bbox 514 3326 637 3384; x_wconf 85' lang='lat' dir='ltr'>verderbt,</span> <span class='ocrx_word' id='word_1_227' title='bbox 664 3327 701 3372; x_wconf 85' lang='lat' dir='ltr'>als</span> <span class='ocrx_word' id='word_1_228' title='bbox 720 3324 895 3388; x_wconf 66' lang='lat' dir='ltr'>ncpsphoputc</span> <span class='ocrx_word' id='word_1_229' title='bbox 913 3319 987 3382; x_wconf 81' lang='grc' dir='ltr'><strong>λέξις.</strong></span> <span class='ocrx_word' id='word_1_230' title='bbox 1023 3321 1103 3369; x_wconf 84' lang='lat' dir='ltr'>Dsbei</span> <span class='ocrx_word' id='word_1_231' title='bbox 1121 3322 1204 3368; x_wconf 83' lang='lat' dir='ltr'>hatten</span> 
     </span>
     <span class='ocr_line' id='line_1_31' title="bbox 186 3409 1205 3471; baseline -0.003 -16"><span class='ocrx_word' id='word_1_232' title='bbox 186 3411 218 3459; x_wconf 87' lang='lat' dir='ltr'>sis</span> <span class='ocrx_word' id='word_1_233' title='bbox 234 3411 358 3460; x_wconf 84' lang='lat' dir='ltr'>natlirlich</span> <span class='ocrx_word' id='word_1_234' title='bbox 377 3426 421 3471; x_wconf 80' lang='lat' dir='ltr'>gar</span> <span class='ocrx_word' id='word_1_235' title='bbox 439 3411 608 3469; x_wconf 74' lang='lat' dir='ltr'>homeusion,</span> <span class='ocrx_word' id='word_1_236' title='bbox 628 3425 669 3458; x_wconf 93' lang='lat' dir='ltr'>um</span> <span class='ocrx_word' id='word_1_237' title='bbox 682 3412 773 3466; x_wconf 88' lang='lat' dir='ltr'>echtcs,</span> <span class='ocrx_word' id='word_1_238' title='bbox 791 3411 853 3456; x_wconf 84' lang='lat' dir='ltr'>altos</span> <span class='ocrx_word' id='word_1_239' title='bbox 872 3409 1010 3469; x_wconf 85' lang='lat' dir='ltr'>Spraehgut</span> <span class='ocrx_word' id='word_1_240' title='bbox 1027 3422 1076 3454; x_wconf 87' lang='lat' dir='ltr'>von</span> <span class='ocrx_word' id='word_1_241' title='bbox 1095 3410 1205 3468; x_wconf 76' lang='lat' dir='ltr'>spdterer</span> 
     </span>
     <span class='ocr_line' id='line_1_32' title="bbox 186 3492 1204 3558; baseline -0.007 -14"><span class='ocrx_word' id='word_1_242' title='bbox 186 3494 346 3558; x_wconf 79' lang='lat' dir='ltr'>Venderbung</span> <span class='ocrx_word' id='word_1_243' title='bbox 364 3511 394 3544; x_wconf 85' lang='lat' dir='ltr'>zu</span> <span class='ocrx_word' id='word_1_244' title='bbox 412 3496 610 3545; x_wconf 84' lang='lat' dir='ltr'>untcrscheiden.</span> <span class='ocrx_word' id='word_1_245' title='bbox 647 3497 700 3542; x_wconf 88' lang='lat' dir='ltr'>Nur</span> <span class='ocrx_word' id='word_1_246' title='bbox 725 3496 768 3542; x_wconf 86' lang='lat' dir='ltr'>das</span> <span class='ocrx_word' id='word_1_247' title='bbox 788 3493 852 3541; x_wconf 88' lang='lat' dir='ltr'>Gute</span> <span class='ocrx_word' id='word_1_248' title='bbox 877 3495 944 3541; x_wconf 82' lang='lat' dir='ltr'>hatte</span> <span class='ocrx_word' id='word_1_249' title='bbox 971 3495 1051 3541; x_wconf 86' lang='lat' dir='ltr'>dieser</span> <span class='ocrx_word' id='word_1_250' title='bbox 1071 3492 1204 3545; x_wconf 85' lang='lat' dir='ltr'>Purisrnus,</span> 
     </span>
     <span class='ocr_line' id='line_1_33' title="bbox 185 3577 1204 3642; baseline -0.007 -15"><span class='ocrx_word' id='word_1_251' title='bbox 185 3582 237 3631; x_wconf 84' lang='lat' dir='ltr'>dass</span> <span class='ocrx_word' id='word_1_252' title='bbox 267 3597 314 3630; x_wconf 90' lang='lat' dir='ltr'>uns</span> <span class='ocrx_word' id='word_1_253' title='bbox 344 3583 422 3630; x_wconf 86' lang='lat' dir='ltr'>durch</span> <span class='ocrx_word' id='word_1_254' title='bbox 449 3584 492 3630; x_wconf 85' lang='lat' dir='ltr'>ihu</span> <span class='ocrx_word' id='word_1_255' title='bbox 518 3582 619 3642; x_wconf 82' lang='lat' dir='ltr'>Einiges</span> <span class='ocrx_word' id='word_1_256' title='bbox 649 3596 694 3628; x_wconf 85' lang='lat' dir='ltr'>aus</span> <span class='ocrx_word' id='word_1_257' title='bbox 722 3581 764 3627; x_wconf 90' lang='lat' dir='ltr'>der</span> <span class='ocrx_word' id='word_1_258' title='bbox 790 3580 974 3639; x_wconf 81' lang='lat' dir='ltr'>Vollrssprache</span> <span class='ocrx_word' id='word_1_259' title='bbox 1000 3578 1109 3626; x_wconf 86' lang='lat' dir='ltr'>erhalten</span> <span class='ocrx_word' id='word_1_260' title='bbox 1137 3577 1204 3621; x_wconf 86' lang='lat' dir='ltr'>ward</span> 
     </span>
     <span class='ocr_line' id='line_1_34' title="bbox 186 3662 1205 3732; baseline -0.009 -15"><span class='ocrx_word' id='word_1_261' title='bbox 186 3668 301 3731; x_wconf 77' lang='lat' dir='ltr'>(Cramer,</span> <span class='ocrx_word' id='word_1_262' title='bbox 320 3668 405 3717; x_wconf 87' lang='lat' dir='ltr'>anecd.</span> <span class='ocrx_word' id='word_1_263' title='bbox 426 3668 472 3716; x_wconf 82' lang='lat'>01.</span> <span class='ocrx_word' id='word_1_264' title='bbox 483 3670 517 3714; x_wconf 92' lang='lat' dir='ltr'>IV</span> <span class='ocrx_word' id='word_1_265' title='bbox 532 3671 582 3716; x_wconf 76' lang='lat'>270</span> <span class='ocrx_word' id='word_1_266' title='bbox 595 3664 684 3732; x_wconf 82' lang='lat' dir='ltr'>sqq.).&#39;’</span> <span class='ocrx_word' id='word_1_267' title='bbox 711 3667 859 3714; x_wconf 85' lang='lat' dir='ltr'>Geschichte</span> <span class='ocrx_word' id='word_1_268' title='bbox 878 3666 922 3712; x_wconf 87' lang='lat' dir='ltr'>der</span> <span class='ocrx_word' id='word_1_269' title='bbox 940 3662 1205 3725; x_wconf 81' lang='lat' dir='ltr'>Sprachwissenschalt</span> 
     </span>
     <span class='ocr_line' id='line_1_35' title="bbox 186 3752 708 3813; baseline 0.004 -14"><span class='ocrx_word' id='word_1_270' title='bbox 186 3752 223 3802; x_wconf 88' lang='lat' dir='ltr'>bal</span> <span class='ocrx_word' id='word_1_271' title='bbox 240 3757 288 3805; x_wconf 87' lang='lat' dir='ltr'>den</span> <span class='ocrx_word' id='word_1_272' title='bbox 306 3755 429 3803; x_wconf 79' lang='lat' dir='ltr'>Griechen</span> <span class='ocrx_word' id='word_1_273' title='bbox 448 3756 497 3804; x_wconf 87' lang='lat' dir='ltr'>und</span> <span class='ocrx_word' id='word_1_274' title='bbox 517 3757 632 3813; x_wconf 72' lang='lat' dir='ltr'>semem,</span> <span class='ocrx_word' id='word_1_275' title='bbox 650 3755 708 3803; x_wconf 77' lang='lat'>484.</span> 
     </span>
    </p>

    <p class='ocr_par' dir='ltr' id='par_1_6' title="bbox 250 3837 1127 3908">
     <span class='ocr_line' id='line_1_36' title="bbox 250 3837 1127 3908; baseline -0.009 -19"><span class='ocrx_word' id='word_1_276' title='bbox 250 3838 275 3908; x_wconf 79' lang='lat'>2)</span> <span class='ocrx_word' id='word_1_277' title='bbox 295 3840 327 3888; x_wconf 86' lang='lat' dir='ltr'>cl.</span> <span class='ocrx_word' id='word_1_278' title='bbox 346 3855 370 3888; x_wconf 88' lang='lat' dir='ltr'>v.</span> <span class='ocrx_word' id='word_1_279' title='bbox 390 3841 560 3888; x_wconf 86' lang='lat' dir='ltr'>Herwerden:</span> <span class='ocrx_word' id='word_1_280' title='bbox 578 3839 688 3899; x_wconf 89' lang='lat' dir='ltr'>lapidum</span> <span class='ocrx_word' id='word_1_281' title='bbox 707 3839 737 3885; x_wconf 88' lang='lat' dir='ltr'>de</span> <span class='ocrx_word' id='word_1_282' title='bbox 756 3839 813 3884; x_wconf 81' lang='lat' dir='ltr'>dial.</span> <span class='ocrx_word' id='word_1_283' title='bbox 832 3843 875 3885; x_wconf 86' lang='lat' dir='ltr'>att.</span> <span class='ocrx_word' id='word_1_284' title='bbox 894 3837 1042 3885; x_wconf 84' lang='lat' dir='ltr'>testimonla.</span> <span class='ocrx_word' id='word_1_285' title='bbox 1125 3890 1127 3894; x_wconf 28' lang='grc' dir='ltr'>Ι</span> 
     </span>
    </p>

    <p class='ocr_par' dir='ltr' id='par_1_7' title="bbox 250 3925 647 3992">
     <span class='ocr_line' id='line_1_37' title="bbox 250 3925 647 3992; baseline -0.008 -17"><span class='ocrx_word' id='word_1_286' title='bbox 250 3927 276 3992; x_wconf 73' lang='grc'>3)</span> <span class='ocrx_word' id='word_1_287' title='bbox 294 3927 378 3987; x_wconf 81' lang='lat' dir='ltr'>Antig.</span> <span class='ocrx_word' id='word_1_288' title='bbox 398 3925 494 3988; x_wconf 79' lang='lat' dir='ltr'>Oaryst.</span> <span class='ocrx_word' id='word_1_289' title='bbox 515 3929 562 3975; x_wconf 81' lang='lat'>1³9</span> <span class='ocrx_word' id='word_1_290' title='bbox 583 3940 606 3972; x_wconf 85' lang='lat' dir='ltr'>n.</span> <span class='ocrx_word' id='word_1_291' title='bbox 625 3928 647 3976; x_wconf 83' lang='grc'>9.</span> 
     </span>
    </p>
   </div>
   <div class='ocr_carea' id='block_1_5' title="bbox 0 0 1410 4710">
    <p class='ocr_par' dir='ltr' id='par_1_8' title="bbox 0 0 1410 4710">
     <span class='ocr_line' id='line_1_38' title="bbox 0 0 1410 4710; baseline 0 1"><span class='ocrx_word' id='word_1_292' title='bbox 0 0 1410 4710; x_wconf 95' lang='lat' dir='ltr'> </span> 
     </span>
    </p>
   </div>
  </div>
 </body>
</html>
