2812 4710
191 277 234 337 111
594 313 635 323 -
681 276 720 340 73
765 311 805 321 -

187 470 278 508 remus
307 449 340 507 in
372 449 458 509 initio
488 440 620 521 Ῥόδιον,
655 451 714 508 τών
743 442 926 529 δωριζόνιων
958 447 989 508 έν
1021 451 1056 533 τῇ
1089 441 1208 530 α’κρότςο

188 550 295 635 δοτικῇ.
344 552 448 632 Neque
479 555 556 612 enim
581 554 652 632 quid
675 554 714 613 sit
737 544 864 630 όκρατος
888 546 990 628 δοτική
1014 553 1207 629 intellegitur.

187 657 253 714 dum
278 648 407 732 όιιραιος
431 657 466 713 δε
489 676 563 733 pura
579 657 703 716 dialecto
719 664 749 716 et
765 676 845 715 mera
860 658 969 715 Dorica
985 660 1079 716 forma
1098 657 1206 714 dictum

186 758 408 836 inveniatu11),
439 758 512 816 mihi
542 778 573 818 se
605 759 713 819 obtulit
742 759 911 818 coniectura
941 761 1001 816 τών
1023 750 1208 837 δωριζόντων

186 863 218 943 ιη
248 854 369 942 ἀκράτῳ
398 859 519 938 Δωρίδι.
567 861 633 924 Qua
661 863 785 938 probata
815 863 994 938 praepositio
1025 858 1055 920 έν
1085 861 1209 919 delenda
1313 916 1316 923 ,

186 971 241 1037 est,
272 964 309 1024 cf.
334 964 509 1023 Heraclidae
540 965 577 1024 fr.
610 969 648 1022 61
682 965 715 1024 F.
738 965 778 1027 H.
801 965 835 1025 G.
860 964 986 1025 Mueller
1013 966 1045 1023 II
1078 985 1106 1040 p.
1131 967 1208 1022 263:

185 1062 321 1142 Ἕλληνες
345 1061 397 1142 μέν
418 1060 475 1145 γάρ
506 1063 560 1125 εἶσι
583 1067 624 1147 τῷ
646 1062 721 1145 γένει
746 1063 797 1124 καὶ
820 1070 884 1136 ταῖς
906 1070 1024 1140 φωναῖς
1046 1063 1208 1141 ἕλληνίζον·

186 1187 229 1229 σιν
259 1166 313 1253 (oi)
344 1161 401 1243 εἶφ’
418 1163 571 1246 Ἕλληνος.
594 1162 750 1247 Ἀθηναῖοι
773 1165 804 1229 δέ
827 1168 858 1228 οἱ
878 1164 932 1245 τὴν
953 1162 1087 1245 'Artemis
1109 1189 1207 1227 κατοι-

186 1277 305 1344 κοῦντες
324 1267 455 1332 Ἀττικοὶ
478 1269 530 1350 μέν
553 1271 608 1332 εἰσι
631 1276 672 1356 τῷ
695 1271 780 1352 γένει,
804 1278 867 1343 ταῖς
890 1270 921 1332 δὲ
944 1270 1107 1343 διαλέκτοις
1129 1265 1206 1331 ἆται·

185 1377 329 1449 κέζουσιν,
370 1369 470 1456 cinaeo
501 1380 626 1455 Δωριεῖς
659 1373 712 1451 μὲν
746 1375 777 1436 οἱ
808 1370 868 1436 clad
900 1371 1010 1455 Δώρου
1048 1378 1083 1460 τῇ
1120 1374 1209 1458 φωνῇ

186 1478 372 1558 δωρίζουσιν,
411 1477 568 1551 αἰολίζουσι
607 1474 638 1537 δέ
677 1478 708 1538 οἱ
735 1473 795 1538 eiad
815 1474 945 1548 'Aiolou
976 1473 1088 1550 ἰόζουσι
1117 1474 1148 1537 δὲ
1180 1475 1211 1535 οἱ

185 1576 243 1642 clad
259 1576 366 1652 Ἴωνος
390 1584 442 1641 τοῦ
459 1576 584 1646 Ξούθου
600 1577 717 1657 φύντες.
763 1581 854 1645 Quod.
868 1583 1060 1663 sequentibus
1083 1583 1209 1658 scriptor

186 1693 387 1763 argumentum
420 1687 472 1745 τοῦ
507 1681 653 1762 σχήματος
684 1679 807 1759 μάλιστα
838 1687 897 1744 τών
920 1680 1105 1762 δωριζόντων
1127 1685 1208 1742 addi-

186 1789 234 1862 dit
257 1790 337 1850 tituli
360 1791 452 1848 verba
474 1791 561 1865 plane
583 1797 718 1865 repetere
742 1791 846 1862 noluit,
870 1791 919 1848 sed
943 1791 979 1871 τῇ
1002 1782 1122 1867 ἀκράτῳ
1142 1790 1207 1845 Δω-

186 1890 243 1969 ρέδι
266 1893 392 1952 licenter
415 1893 530 1966 omisit,
560 1893 665 1952 vocula
695 1900 792 1952 autem
816 1885 941 1966 pollictor
971 1892 1108 1951 adiuncta
1130 1890 1208 1948 indi-

186 2016 263 2056 casse
285 1998 404 2057 videtur
426 1997 537 2071 figurae
559 2017 643 2056 usum
666 2003 784 2073 praeter
802 1997 933 2057 Rhodios
955 2014 1046 2074 purae
1072 1993 1208 2071 Δωρίδος

185 2100 341 2176 participes
365 2119 515 2159 occurrere
538 2101 666 2178 quidem,
689 2101 739 2158 sed
762 2120 838 2158 raro.

268 2223 296 2280 p.
322 2208 371 2275 53,
397 2198 499 2282 8Ι9Δ.
544 2199 594 2260 καὶ
625 2195 679 2278 την
703 2201 803 2282 (σφω’
835 2204 871 2260 ab
904 2208 1078 2277 excerptore
1109 2199 1208 2259 addita

186 2326 246 2366 esse
269 2306 365 2366 credo.
409 2306 485 2363 Nam
516 2325 554 2363 ex
580 2305 625 2378 iis,
656 2324 731 2383 quae
752 2305 866 2365 Dorum
894 2304 1015 2382 propria
1043 2321 1107 2361 esse
1136 2320 1206 2360 con·

187 2412 294 2481 stabat,
326 2410 451 2484 scriptor
479 2415 682 2482 argumentum
713 2409 858 2485 petiturus
890 2413 967 2479 erat,
1007 2404 1077 2479 σφόν
1108 2410 1206 2464 παλαια

187 2512 325 2572 Doricum
356 2531 419 2571 esse
451 2530 595 2590 nusquam
626 2511 808 2586 grammatici
832 2515 987 2571 testantur.
1032 2513 1132 2588 Atque
1155 2527 1206 2565 ex·

188 2623 300 2692 carptor
322 2616 404 2690 ipse,
436 2615 505 2693 quid
534 2633 551 2671 a
581 2633 612 2671 se
644 2620 740 2672 ortum
770 2615 824 2686 sit,
856 2613 993 2689 prodidit,
1018 2632 1082 2671 cum
1107 2611 1207 2684 singu-

187 2717 274 2776 larem
298 2710 373 2792 αότη
396 2710 474 2795 yolp.
492 2709 686 2790 ..deterrimi
708 2717 862 2790 retineret,
891 2716 942 2794 qui
965 2716 1000 2773 ad
1024 2735 1115 2772 unum
1139 2733 1206 2788 pro·

188 2840 291 2880 nomen
315 2818 384 2898 (riv)
407 2818 545 2896 pertinet.

269 2945 296 3000 p.
323 2928 371 2995 53,
396 2927 443 2981 10.
489 2923 561 2981 Post
591 2922 778 2997 negationem
809 2923 915 2980 omisso
946 2920 1089 2980 vocabulo
1121 2909 1207 2985 όλλος

188 3025 357 3103 particulam
382 3018 400 3102 ἤ
421 3027 491 3104 poni
514 3026 601 3084 docet
622 3026 747 3083 Kiihner
770 3022 785 3103 ἓ
812 3030 871 3083 542
895 3026 961 3084 adn.

253 3299 279 3362 1)
296 3301 414 3358 Hermog.
432 3296 491 3361 περὶ
510 3297 583 3350 ἰδεῶν
602 3300 639 3346 ed.
657 3300 764 3360 Spengel
783 3300 820 3348 rh.
840 3299 881 3345 Gr.
895 3300 920 3345 11
933 3301 1049 3357 τελέει
1068 3291 1207 3353 Ἑκαταῖος

189 3378 215 3434 δὲ
231 3379 244 3434 δ
262 3380 407 3448 Μιλήσιος.
423 3417 429 3430 ·
445 3383 497 3450 .τῄ
516 3383 642 3449 διαλέκτῳ
661 3381 710 3450 (δὲ)
737 3378 842 3449 α’κρότῳ
866 3378 932 3436 Ἰάδι
950 3382 994 3435 καὶ
1012 3375 1042 3434 οδ
1061 3380 1205 3448 μεμιγμένῃ

189 3465 346 3534 χρησόμενος
364 3462 423 3521 odet
442 3465 507 3520 κατοὶ
525 3464 568 3520 τόν
585 3464 724 3532 Ἡρόδοτον
742 3469 842 3536 ποικίλῃ
862 3460 939 3533 ἧττόν
953 3468 1018 3520 ἐστιν
1032 3465 1104 3519 ἕνεκά
1117 3483 1147 3531 γε
1159 3466 1207 3530 τῆς

189 3551 277 3614 λέξεως
294 3552 432 3618 ποιητικός.
470 3557 551 3604 Schol.
570 3559 592 3603 A
605 3554 627 3606 Θ
642 3560 703 3604 378ι
722 3552 836 3619 γηὲόοει
854 3554 1020 3621 προφανεῖσα]
1040 3547 1207 3618 Ἀρίσταρχος

190 3639 380 3704 “neocaesar
399 3635 435 3698 ώς
452 3640 597 3705 (πληγέντε
615 3641 750 3708 κεραννῷ”
771 3640 840 3708 (455)
860 3640 970 3698 δνῐκώς·
990 3634 1003 3692 ό
1022 3638 1051 3692 δέ
1064 3634 1207 3702 Ζηνόδοτος

190 3721 323 3790 ..γηθήσει
339 3724 510 3790 προφανείσας
529 3723 588 3778 ἰδών
607 3724 633 3784 ές
646 3728 737 3778 δοῦπον
750 3722 894 3788 οἱκόντων”,
913 3726 1054 3777 συστέλλων
1066 3720 1112 3789 την
1124 3723 1206 3774 τελευ-

190 3807 264 3870 ταίαν,
283 3807 460 3874 παροξυτόνως
477 3808 663 3876 προφερόμενος
683 3807 895 3879 [μετ’έκτόαεως
907 3811 950 3862 τοῦ
966 3810 1001 3877 αλ
1021 3808 1074 3861 tou
1087 3809 1116 3862 δὲ
1129 3802 1205 3873 όικρα-

189 3908 224 3945 τον
242 3893 345 3959 Δώριον.
365 3893 465 3947 σπάνιον
483 3894 512 3948 δὲ
529 3892 557 3949 τό
576 3896 672 3948 τοιαῦτα
691 3894 757 3960 παρὰ
775 3897 812 3964 τῷ
832 3897 934 3963 ποιητῇ.
970 3899 1052 3945 Schol.
1071 3895 1204 3945 AZ262:

191 3969 225 4030 ότι
241 3973 317 4045 όκρον
336 3978 430 4044 Δώριον
448 3979 476 4033 τό
496 3981 566 4045 τύνη,
592 3984 658 4042 quod
677 3985 701 4029 in
720 3977 827 4046 ἄκρατον
847 3979 940 4046 Δώριον
963 3984 1134 4043 corrigendum
1153 3997 1206 4030 esse

189 4073 266 4116 censet
284 4067 395 4115 Dindorl
415 4066 475 4135 (vol.
494 4069 518 4114 11
537 4084 561 4127 p.
580 4068 648 4132 387).
