2812 4710
192 421 278 479 Idem
301 427 346 479 est
377 425 479 480 auctor
509 419 620 481 codicis
644 422 790 494 Vossiani,
821 422 873 502 qui
895 428 1012 500 “exstat
1031 423 1063 482 in
1087 423 1130 480 bi·
1155 421 1206 497 (V)

104 523 212 582 blioth.
229 523 311 582 Laid.
329 525 413 583 catal.
431 543 459 600 p.
478 525 559 583 402”
584 526 697 600 (Valck.
721 547 749 603 p.
769 530 837 595 155,
860 534 921 584 not.
948 526 986 604 1),
1011 547 1049 585 ex
1072 545 1130 605 quo

107 625 319 685 Valckenarius
343 627 557 686 Lesbonactem
581 627 719 687 excussit.
764 630 858 687 Recte
880 628 959 686 enim
982 627 1130 703 interpre-

103 734 200 787 tatum
223 748 287 787 esse
310 730 390 788 hunc
412 728 507 788 virum
532 730 652 789 doctum
675 736 775 790 notam
797 730 830 788 in
853 730 905 789 illo
925 730 1003 789 libro
1021 730 1130 790 Eranio

104 840 135 890 et
151 831 329 890 Lesbonacti
352 830 533 890 subiect-am:
563 833 597 887 11.
619 834 648 888 P.
671 833 761 892 Paris.
779 837 840 891 650
864 834 981 910 (Valck.
1001 855 1029 909 p.
1049 833 1130 910 155),

104 954 171 992 cum
194 934 279 1008 ..con
296 933 472 994 Leidensem
490 955 505 993 e
521 937 584 994 cod.
601 936 696 1010 Regio
712 935 804 994 Paris.
824 957 840 993 a
857 937 945 996 Patro
961 937 1130 995 Ressandro

102 1032 308 1112 descriptum''
332 1057 396 1096 esse
420 1041 583 1110 coniceret,
614 1043 644 1096 et
667 1038 805 1098 Vaticani
834 1039 1069 1115 subscriptiones
1100 1046 1131 1097 et

100 1138 264 1197 lectionum
288 1159 448 1199 consensus
471 1140 560 1200 fidem
582 1141 707 1200 faciunt.
763 1151 765 1154 ’

190 1241 306 1300 Codicis
322 1242 519 1303 Laurentiaoi
542 1245 670 1321 priorem
693 1249 810 1321 partem
832 1243 960 1302 contulit
981 1242 1056 1300 mihi
1079 1246 1129 1301 be·

102 1343 280 1418 uiguissime
304 1345 337 1403 0.
354 1345 446 1416 Korn,
469 1346 588 1425 reliqua
607 1349 642 1404 A.
658 1347 821 1417 Hausrath,
845 1345 996 1404 Parisinos
1020 1346 1057 1403 H.
1075 1346 1130 1404 La-

102 1444 209 1522 begua,
239 1447 414 1506 Vaticanum
438 1448 472 1506 0.
496 1448 586 1507 Korn.
633 1449 691 1512 Qui
713 1447 775 1509 viri
797 1449 877 1507 docti
901 1453 935 1507 ut
957 1449 1130 1506 confercndi

101 1551 236 1610 laborem
259 1549 454 1625 susciperent,
485 1570 539 1625 per
560 1551 708 1624 insignem
733 1553 766 1610 E.
791 1549 911 1609 Maassii
934 1556 964 1610 et
988 1552 1020 1610 F.
1043 1552 1130 1611 Susc-

101 1654 200 1711 mihlii
222 1652 465 1712 benevolentiam
490 1652 660 1730 impetravi.
706 1655 810 1733 Neque
842 1674 887 1713 me
913 1653 1039 1728 gratiam
1069 1675 1130 1713 ma·

102 1756 215 1815 ximam
248 1753 385 1814 omnibus
417 1755 466 1814 his
498 1755 574 1815 viris
604 1757 715 1815 habere
749 1775 925 1837 semperque
956 1754 1129 1815 habiturum

102 1879 167 1917 esse
190 1880 207 1916 a
229 1859 292 1917 loco
316 1857 449 1916 alienum
471 1859 546 1918 duco
570 1859 728 1917 affirmare.

189 1959 404 2020 Recensionem
428 1964 452 2016 A
486 1966 555 2020 ante
586 1962 687 2020 oculos
714 1961 854 2020 habuisse
878 1963 1021 2019 Aretham
1052 1959 1129 2034 epis·

101 2083 207 2139 eopum
232 2085 253 2122 s.
276 2063 399 2120 IX——X
421 2063 501 2122 infra
523 2063 695 2123 docebimus
717 2085 745 2124 v.
760 2060 832 2121 VII.

491 2251 740 2310 RecensioB

142 2374 165 2432 Ι.
189 2373 299 2444 Codex,
322 2391 409 2450 quem
432 2371 565 2451 breuiter
586 2374 741 2451 hucusque
760 2370 981 2431 nominavimus
997 2372 1128 2430 Lauren-

188 2475 313 2546 tiauum,
336 2479 382 2533 est
396 2474 472 2552 plut.
489 2474 546 2531 LX
569 2476 631 2533 cod.
650 2477 698 2546 27,
722 2476 814 2533 chart.
838 2495 889 2532 ms.
913 2473 944 2531 in
964 2479 991 2532 4.
1009 2472 1128 2544 minori,
1151 2458 1202 2535 (L)

189 2577 329 2650 s.x1v.,
360 2575 523 2654 scripturae
555 2576 710 2653 pessimae.
757 2577 808 2635 Nr.
832 2577 861 2634 X
890 2596 919 2651 p.
943 2580 1003 2634 315
1035 2575 1127 2654 incip.

188 2672 323 2737 Ἐθνικαὶ
356 2672 500 2736 ὅιάλεκτοι
527 2672 751 2754 Λεσβώνακτος.
798 2684 841 2757 “A
869 2697 941 2740 voce
970 2677 1129 2746 Χαλκιδεῖς

189 2784 230 2862 (p.
254 2787 304 2855 42,
330 2783 381 2859 17)
405 2782 480 2841 alius
504 2781 601 2841 scriba
623 2783 827 2856 agnoscendus
851 2778 933 2840 erit’'
956 2787 987 2840 et
1009 2782 1045 2838 ab
1068 2779 1129 2839 alia

190 2906 280 2944 manu
309 2885 342 2944 in
370 2885 430 2944 fine
457 2875 660 2956 οἷον-βοῶσι
682 2883 796 2957 figurae
819 2876 1062 2962 ἕτεροπρόσωπον
1085 2885 1127 2960 (v.

188 3009 217 3065 p.
243 2989 294 3064 12)
317 2987 419 3047 addita
441 2993 519 3046 sunt.

125 3092 165 3149 II.
191 3092 344 3151 anecdota
358 3088 542 3150 Oxouiensia
558 3091 609 3148 IV.
623 3090 666 3147 ed.
680 3089 801 3148 Cramer
819 3091 897 3146 1837
914 3109 943 3165 p.
958 3087 1126 3147 uio-272

190 3193 320 3252 reddunt
342 3195 405 3252 cod.
429 3193 511 3252 Bodl.
535 3193 629 3253 chart.
651 3192 738 3250 form.
760 3191 791 3249 in
819 3191 874 3248 120
900 3211 976 3251 saec.
998 3191 1066 3252 XV.
1152 3177 1201 3251 (0)

102 3315 162 3373 111.
188 3312 404 3372 Receusionem
427 3315 446 3371 b
469 3311 613 3372 exhibent
636 3316 778 3391 quattuor
801 3310 933 3370 codices:
1161 3368 1164 3373 .

207 3420 234 3475 l.
259 3413 506 3473 Parisinus‘2758
531 3416 597 3472 XV.
622 3435 642 3472 s.
668 3416 762 3473 chart.
786 3412 996 3490 (Medic-ch.
1020 3411 1125 3488 3239).
1150 3396 1194 3477 (1³)

258 3519 333 3576 Inde
356 3537 423 3593 ap.
449 3521 485 3575 10
509 3517 601 3596 incip.
633 3513 699 3593 περὶ
731 3518 789 3574 τῶν
812 3517 1036 3590 σολοικοφανῶν
1059 3532 1125 3590 σχη-

257 3613 367 3694 μάτων,
391 3619 454 3676 τίνα
477 3619 566 3678 τίνων
588 3617 745 3679 διαλέκτων
767 3617 847 3680 εἰσίν.

205 3721 557 3783 armunensem.
583 3727 631 3796 ιο,
655 3723 762 3800 parum
786 3725 924 3782 memte:
946 3722 998 3780 m.
1023 3725 1123 3778 1-44
1150 3705 1185 3780 (t)

257 3847 280 3885 s.
303 3825 370 3886 XV.
393 3827 503 3903 partim
524 3828 634 3885 chart:
657 3827 708 3884 fol.
725 3829 764 3882 45
788 3859 830 3866 -
853 3824 903 3885 fin.
927 3845 955 3882 s.
966 3825 1050 3885 XVI.
1073 3822 1123 3882 Li-

257 3927 354 3988 bellus
376 3933 479 3988 noster
501 3928 629 4004 scriptus
652 3933 698 3986 est
719 3927 771 3986 fol.
797 3932 856 3984 291·
872 3961 913 3970 -
931 3933 987 3986 34¹·

1248 417 1386 482 ismae

1296 538 1384 646 ²⁴⁰st

1183 704 1386 836 pecc

1289 857 1349 911 131

1289 1332 1291 1339 ,

1282 1348 1285 1355 .

1269 1364 1279 1389 l.

1238 1433 1386 1869 R
