2812 4710
597 253 809 319 —80-
1172 253 1218 313 IV

189 427 255 486 eine
286 428 385 486 solche
416 426 532 486 erlaubt
561 429 653 487 hatte.
698 427 819 486 Taetzes
842 447 879 485 zu
899 429 986 504 iener
1008 427 1100 487 Stelle
1124 428 1219 486 schol.

188 553 216 590 v.
240 536 311 590 249.
356 531 449 590 Bekk.
476 535 531 588 An.
557 536 605 590 91.
650 532 824 590 Frescnins:
849 531 940 592 Arist.
964 532 1034 608 Byz.
1065 552 1093 607 p.
1121 527 1218 589 115.'’

190 635 229 694 Et
259 634 322 711 ipse
346 633 540 692 Lesbonaotis
570 634 687 692 libellus
717 635 894 693 sententiam
926 633 1107 708 propositam
1139 653 1220 693 com-

188 738 315 812 probare
339 737 472 796 videtur:

274 906 315 966 σχ.
331 881 463 948 Ἀττικόν
479 890 556 968 (XII
571 890 629 967 A):
652 885 784 966 σύνηθες
800 886 972 964 Ξενοφῶντι
996 886 1046 948 καὶ
1067 887 1218 948 Πλάτωνι.

277 990 436 1060 Χαλκιδεῖς
459 992 561 1070 (XIV)
592 987 624 1050 δὲ
658 990 689 1050 οἵ
710 991 742 1051 ἐν
767 985 885 1083 Ειίβοίρι
908 995 1046 1052 ποιοῦσιν
1070 1035 1150 1051 ...
1176 985 1219 1062 οἷς

190 1089 351 1164 Διονύσιος
375 1087 392 1152 ὁ
416 1091 591 1164 Χαλκιδεύς.

275 1190 342 1256 tillo
362 1192 496 1256 Ἀττικόν
519 1198 656 1275 (ΧΧΙΙ);
681 1189 698 1256 ὅ
723 1192 851 1257 Πλάτων
873 1192 968 1280 τούτῳ
992 1186 1138 1275 κέχρηται.

274 1294 413 1359 Ἀττικῶν
435 1301 586 1379 (XXVI):
616 1298 675 1359 ἔστι
708 1297 738 1359 δὲ
769 1295 801 1361 τί
830 1304 925 1377 σχῆμα
947 1303 1007 1359 τῶν
1029 1297 1096 1378 περὶ
1119 1293 1217 1359 Ἀντι-

189 1424 301 1477 φωντα.

276 1560 315 1618 Et
344 1559 422 1637 quod
457 1550 641 1635 lltvdoprudv
673 1574 715 1633 σχ.
751 1557 853 1634 (XVI)
883 1557 975 1616 libelli
1009 1557 1155 1616 reductori
1189 1562 1217 1617 A

189 1663 285 1738 σχῆμα
308 1653 369 1721 olco*
396 1659 541 1730 Βοιωτίας
563 1662 659 1734 audit,
692 1661 801 1740 aliique
831 1659 1012 1735 grammatici
1036 1660 1218 1719 Boeotorum

189 1766 218 1823 id
243 1784 306 1823 esse
329 1763 519 1824 consentiunt
542 1764 591 1842 (of.
615 1769 675 1823 not.
699 1765 734 1821 ad
758 1764 876 1838 locum),
901 1782 918 1820 a
940 1763 1035 1838 patria
1058 1763 1121 1821 sive
1144 1765 1218 1821 Pin-

189 1868 250 1926 dari
282 1867 372 1926 solius
404 1868 466 1926 sive
488 1868 608 1925 Pindari
642 1875 730 1947 atque
752 1866 886 1939 Hesiodi,
918 1867 1001 1924 cuius
1024 1866 1099 1944 ιιτῆς
1122 1859 1150 1923 d’
1182 1853 1219 1941 ἦν

188 1973 265 2048 τρεῖς
288 1969 413 2044 κεφαλαί
422 1968 437 1996 ”
461 1970 586 2048 (Theog.
611 1974 668 2028 321
695 1987 752 2029 rec.
777 1969 813 2045 B)
836 1969 1021 2028 notissimum
1045 1974 1117 2042 erat,
1140 1970 1217 2029 alte·

189 2094 249 2132 rarn
273 2073 519 2148 significationem
542 2074 731 2149 repetendam
755 2091 818 2131 esse
840 2079 971 2148 apparet.

189 2177 335 2236 Convenit
349 2175 483 2252 apprime
499 2196 564 2235 cum
580 2177 831 2248 antecedentibus,
849 2175 926 2254 quod
945 2175 1115 2234 Heraclides
1125 2176 1217 2234 Mile-

190 2279 250 2336 sius
273 2279 308 2336 de
325 2279 469 2354 Rheginis
493 2280 566 2338 haec
589 2280 674 2337 docet
696 2278 827 2356 (Eustn
848 2282 905 2335 198
929 2277 1155 2354 p.1576,59):
1180 2271 1217 2334 τοὶ

189 2380 270 2456 τρίτα
293 2382 351 2438 τῶν
373 2371 531 2456 ὅριστικῶν
552 2376 786 2457 περισπωμένων
801 2381 854 2456 τῆς
870 2373 990 2457 πρώτης
1005 2377 1143 2458 συζυγίας
1164 2377 1217 2438 καί

190 2486 248 2542 τῶν
272 2477 449 2561 βαρυτόνων
472 2478 504 2541 dl
526 2477 667 2560 ῥημάτιον
688 2475 763 2540 κατα
785 2477 818 2541 vd
843 2476 941 2540 ἕνικιίν
965 2479 1005 2550 είς
1027 2476 1079 2557 τήν
1104 2476 1217 2540 οἰσυί-

189 2578 283 2662 λαβῆν
305 2587 460 2659 περαιοῦσι
491 2586 544 2644 τοῦ
567 2589 586 2661 ἧ
609 2580 845 2663 παραλήγοντος,
876 2586 959 2643 velut
982 2583 1093 2659 φίλησι,
1118 2579 1217 2661 νόησι,

136 2710 144 2725 ·
189 2685 297 2766 λέγηοι,
322 2684 437 2766 φέρησι.
482 2689 684 2763 Rheginorum
716 2689 793 2747 enim
826 2689 960 2764 proprias
986 2707 1048 2746 esse
1080 2689 1132 2746 has
1156 2690 1217 2748 for-

191 2811 251 2850 mas
267 2791 427 2864 contendit,
449 2793 528 2871 quod
543 2793 619 2867 apud
640 2792 761 2871 Ibycum
779 2793 972 2851 occurrebant
984 2785 1012 2867 ¹)
1036 2785 1216 2872 (σχ.’1βιίκ.).

275 2894 384 2952 Verum
409 2895 496 2952 etiam
519 2895 556 2952 ab
581 2913 614 2952 ea
639 2901 728 2968 gente
746 2895 906 2969 figurarum
931 2895 1073 2973 quaedam
1094 2897 1217 2954 nomina

191 2997 415 3068 derivabuntur,
464 2998 546 3056 ouius
578 2998 699 3073 linguae
737 2998 870 3073 proprias
905 2999 1014 3056 formas
1055 2998 1217 3073 scriptores

190 3100 221 3157 in
257 3120 340 3158 usum
373 3120 457 3157 sunm
490 3099 671 3158 convertisse
705 3100 864 3159 constabat.
927 3097 1060 3162 Quanam
1090 3100 1148 3157 alia
1179 3103 1215 3160 de

191 3221 278 3261 causa
302 3203 419 3260 schema
445 3192 576 3259 Ἰωνικόν
601 3197 650 3258 καὶ
676 3194 795 3278 Δώριον
825 3201 959 3278 (XVIII)
980 3203 1141 3262 vocabatur
1152 3196 1216 3262 Ἰω-

192 3298 284 3374 νιιιόν,
316 3322 403 3382 quarn
435 3305 512 3383 quod
544 3299 721 3382 «ἐξαιρέτως
752 3299 848 3385 τούτῳ
870 3305 910 3385 τῷ
933 3299 1056 3380 σχήματι
1078 3297 1217 3375 Ἡσίοδος

190 3403 324 3483 κέχρηται
334 3404 360 3476 ”,
401 3406 452 3486 qui
481 3407 584 3465 Ionica
623 3405 747 3465 dialecto
792 3427 862 3466 usus
901 3429 964 3467 esse
1000 3409 1215 3488 ferebatur²)?

276 3508 355 3567 Hinc
378 3516 454 3581 neta,
478 3528 553 3587 quae
575 3509 667 3567 habet
682 3510 854 3568 Eustathius
877 3513 911 3568 ad
932 3533 949 3568 α
966 3516 1027 3569 414
1043 3513 1150 3588 (1427,
1168 3516 1215 3589 9):

261 3764 286 3826 1)
304 3765 332 3811 Id
364 3765 429 3823 quod
457 3766 507 3813 iam
535 3764 657 3813 Schubert
681 3766 808 3825 perspexit
840 3762 1018 3826 (Sitzungsber.
1044 3767 1086 3813 der
1112 3767 1215 3816 Wiener

190 3850 323 3897 Academie
341 3852 385 3898 der
402 3850 553 3898 Wissonsch.
574 3853 613 3898 92.
633 3853 663 3898 Β.
683 3866 706 3912 p.
726 3853 774 3898 547
794 3852 850 3900 adn.
871 3848 905 3914 2).

261 3935 287 4002 2)
306 3937 335 3983 ct.
354 3942 481 3996 grammat.
501 3938 649 3986 Moormcnn.
668 3939 698 3985 de
717 3938 773 3984 dial.
793 3938 846 3985 Ion.
864 3952 888 3998 p.
908 3940 957 3986 629
976 3940 1013 3986 cd.
1033 3938 1157 3988 Schaeler.
