2812 4710
677 250 887 320 -10-
1254 258 1288 327 11

272 429 336 488 siat.
379 429 463 487 Unde
486 429 619 507 sequitur
641 430 672 486 in
695 431 751 488 hoo
773 430 848 488 libro
872 431 1002 505 regulam
1026 428 1170 487 excidisse
1194 447 1295 506 neque

270 534 417 607 integrum
441 532 688 591 Phoebommonis
710 533 883 609 opusculum
905 539 1030 593 aetatem
1053 532 1164 591 tulisse.
1205 530 1294 594 Quod

271 640 368 694 autem
399 637 434 693 ad
459 635 661 713 exemplorum
687 635 885 696 differentiam
907 637 1022 708 attinet,
1046 635 1295 694 Phoebammouis

271 739 363 797 verba
392 735 420 795 el
449 729 685 814 Ἀλεξανδρεῦσιν
718 731 904 813 ἐπιπλήττων
940 729 1015 814 ὑπὲρ
1053 730 1175 807 ἀταξίας
1218 734 1295 795 εἴπω

270 837 435 920 ίΘηβαίους
465 831 562 917 ev‘poiv
591 833 791 910 ἀτακτοῦντας
813 835 880 899 τόδε
903 839 952 899 καὶ
975 834 1043 898 τόδε
1066 831 1165 898 εἴπατ’
1188 841 1224 897 ab
1248 859 1294 911 eo,
1349 863 1352 867 ’

271 944 323 1023 qui
337 944 404 1002 illas
419 944 528 1019 figuras
544 964 608 1003 cum
624 946 807 1003 Lesbonaete
824 944 988 1017 coniunxit,
1012 945 1044 1001 in
1060 945 1183 1002 formam
1200 943 1295 1017 magis

271 1045 437 1121 generalem
466 1047 586 1122 proprio
619 1049 713 1107 Marte
743 1066 886 1108 converso
914 1047 1054 1106 videntur
1085 1065 1158 1105 esse.
1210 1044 1294 1109 Quae

271 1169 336 1207 cum
359 1149 401 1207 ita
423 1149 491 1222 sint,
522 1151 596 1208 duae
618 1151 684 1209 viae
707 1156 818 1225 patent,
852 1151 961 1230 quibus
983 1151 1113 1229 reliquas
1143 1168 1219 1228 quae
1242 1167 1296 1207 ex-

271 1255 351 1310 stant
373 1252 555 1311 differentias
585 1252 782 1328 explicemus:
814 1259 867 1312 aut
889 1272 905 1310 e
927 1253 1028 1312 libello
1051 1253 1181 1310 nondum
1204 1252 1294 1309 muti·

270 1354 330 1412 lato
352 1357 487 1414 reductor
510 1356 532 1412 Β
555 1356 664 1431 figuras
687 1357 811 1432 sumpsit
835 1363 888 1416 aut
909 1356 973 1432 ipse
996 1355 1129 1415 mutavit.

358 1457 395 1515 In
418 1477 537 1517 censum
560 1458 686 1516 veniunt
707 1459 737 1516 hi
760 1458 834 1517 loci:

449 1561 537 1619 Lesb.
560 1561 593 1619 B.
616 1583 619 1588 ·
987 1561 1098 1619 Phoeb.

315 1663 337 1720 Ι.
362 1653 645 1740 (ιιιλιῆςἜιιεξήγ.)
667 1657 770 1732 λέξεως
838 1658 941 1732 λέξεως
970 1657 1022 1736 μὲν
1046 1653 1114 1719 ainsi
1136 1657 1228 1740 λέγων
1251 1684 1297 1732 τις

273 1758 325 1838 μὲν
349 1754 388 1832 αἷς
410 1756 443 1822 sd
477 1759 561 1844 ‘lolli
591 1756 642 1821 τόν
668 1757 766 1822 ἅτινά·
795 1757 972 1845 ‘dumetum’
1009 1764 1165 1840 σαφηνίσει
1200 1760 1295 1842 λέγων

271 1858 366 1940 apud
382 1859 767 1945 ἐστιΠερσικὸνξιφίὸιον’.
796 1862 962 1945 ιΠερσικόν
996 1859 1070 1925 εἶναι
1109 1865 1196 1941 ξίφος
1238 1888 1296 1925 τοι·

796 1963 864 2028 o'vde
887 1967 937 2028 καὶ
960 1964 1097 2029 τοιόνὸεῆ

313 2070 355 2130 ΙΙ.
379 2069 414 2147 (s.
438 2064 500 2130 ἆπὸ
523 2073 639 2149 κοινοῦ)
662 2065 767 2130 πολλα·
795 2068 869 2143 λέξις
885 2116 1014 2132 ......
1031 2065 1173 2142 πολλάκις
1196 2068 1227 2130 δὲ
1246 2093 1297 2131 νο-

288 2192 315 2241 ις
345 2168 376 2230 δὲ
400 2171 546 2250 νοονμένη
575 2171 624 2233 καὶ
657 2173 769 2246 ἔξωθεν
795 2171 906 2251 ανμένη
929 2172 978 2233 καὶ
1002 2172 1231 2250 συντασσομὲνη.

269 2272 485 2353 λαμβανομένη.

314 2379 372 2436 ΙΙΙ.
397 2378 433 2456 (s.
447 2371 506 2438 αἷπό
524 2382 640 2456 κοινοῦ)
655 2373 769 2463 “disper
795 2370 906 2462 ίᾔτησα
928 2374 999 2450 τούς
1021 2373 1142 2459 ἄνδρας,
1170 2374 1296 2457 μάλιστα

271 2471 342 2549 τούς
357 2472 478 2557 ὅνὸρας,
491 2474 614 2558 μάλιστα
631 2479 662 2541 δὲ
676 2483 767 2559 Χαρί-
780 2431 782 2556 l
795 2477 879 2540 τόνδε
901 2479 952 2540 καὶ
975 2477 1058 2541 τόνδε
1066 2481 1081 2542 ’.

270 2581 366 2658 ὃημον
388 2580 439 2642 καὶ
452 2577 652 2660 Ἵππαρχον”.

313 2686 368 2747 IV.
392 2689 427 2766 (s.
444 2679 505 2746 ἆπὸ
521 2687 638 2764 κοινοῦ)
660 2689 767 2747 Exem·
795 2688 904 2748 omisit.

270 2789 353 2865 plum
390 2808 429 2848 ex
461 2791 592 2849 Homero
628 2790 766 2849 haustum

271 2893 313 2968 (A
338 2890 399 2969 15).

315 2995 349 3056 V.
373 2995 551 3070 Exemplum
578 3015 593 3054 e
616 2995 767 3072 Theologo
837 3042 854 3069 „

270 3099 419 3157 haustum.

358 3200 469 3265 Quodsi
492 3203 637 3261 redactori
660 3204 684 3260 B
707 3210 840 3262 extrema
859 3203 958 3261 deberi
981 3202 1180 3279 probavimus,
1204 3202 1294 3262 etiam

270 3302 438 3374 terminum,
462 3312 529 3379 post
552 3325 638 3384 quem
661 3307 862 3365 recensionem
879 3308 1014 3378 confecit,
1037 3306 1294 3382 recuperavimus:

271 3409 338 3481 post
368 3411 493 3466 aetatem
525 3407 657 3483 Gregorii
691 3409 873 3467 Nazianzeni
905 3409 968 3487 (qui
1000 3409 1058 3466 fuit
1088 3409 1197 3467 saeculi
1227 3409 1294 3484 IV),

272 3507 355 3566 cuius
377 3509 477 3567 verbis
498 3511 593 3585 σχῆμα
616 3507 778 3589 ἑτερογενές
799 3510 974 3570 illustratur.

357 3611 525 3670 Notandum
548 3619 594 3672 est
623 3615 738 3672 easdem
770 3619 909 3693 quattuor
931 3613 1049 3688 figuras,
1079 3634 1154 3693 quae
1182 3616 1294 3674 Lesbo-

271 3715 365 3774 nactis
388 3715 528 3791 opusculo
557 3717 673 3787 additae
695 3724 773 3786 sunt,
797 3716 906 3775 eisdem
930 3717 991 3774 fere
1013 3716 1113 3776 verbis
1136 3717 1294 3793 impressas

272 3836 336 3877 esse
357 3818 389 3875 in
412 3816 470 3875 fine
493 3817 585 3875 libelli
604 3818 723 3894 Georgii
739 3818 936 3877 Ohoerobosci
960 3813 1027 3896 περὶ
1049 3812 1168 3896 τρόπων
1190 3839 1207 3877 a
1228 3822 1294 3879 Mo-

272 3919 344 3980 rello
367 3919 502 3981 Lutetiae
525 3920 667 3982 MDCXV
699 3920 780 3999 editi,
813 3940 851 3978 ex
881 3940 940 4006 qua
970 3921 1098 3981 editione
1129 3924 1242 3998 recepit
1265 3931 1296 3983 et
