2812 4710
596 262 808 329 -94-
1184 262 1211 322 V

266 431 449 498 Ἰωνικόν
470 438 527 499 ΧΙ.
572 437 767 498 Αοοοεολίνοο
795 457 849 513 pro
873 437 1011 512 genetivo
1035 464 1077 486 =
1098 436 1211 495 Arist:

187 544 236 603 Fr.
252 566 279 623 p.
298 548 346 602 20.
392 542 484 603 schol.
504 541 536 596 Ω
553 545 609 599 58:
627 532 755 618 γυναῖκά
773 558 803 597 τε
820 533 936 615 θήσατο
954 533 1045 615 μαζόν
1059 568 1102 589 --
1116 541 1210 600 Arist.

186 647 223 705 cf.
255 646 335 705 infra
365 667 394 724 p.
417 650 464 704 99.
511 645 540 700 E
570 648 649 702 461:
685 643 789 719 Τρῶας
820 637 852 700 δὲ
883 641 981 718 στίχας
1004 629 1093 711 οὖλος
1115 634 1211 718 ’Ἀρης

187 740 299 825 ώτρυνε
315 740 475 822 μετελθών.
510 738 614 828 Τρφώς
629 745 775 805 editiones
789 751 859 804 ante
875 747 1087 818 Aristarchum,
1109 746 1211 825 Τροίας

186 852 306 927 vulgata
337 856 367 909 et
396 850 582 910 Ptolemaeus
613 849 767 922 Ascalon„
800 855 867 908 utra
895 849 985 908 lectio
1016 848 1211 925 praeferenda

187 954 242 1027 sit,
272 954 304 1011 in
334 955 423 1013 dubio
445 953 589 1032 relinquit
611 953 754 1010 Nicanor:
788 948 814 1008 εί
836 946 867 1010 δέ
890 944 1034 1030 γράφεται
1057 948 1210 1030 ιιΤρῶας”

187 1050 264 1137 (οὐχ)
289 1046 492 1126 ώποστικτέον,
515 1047 560 1112 ἵν’
584 1041 603 1136 ᾖ
624 1052 776 1134 “Troiae'‘
800 1047 865 1110 νἰντί
889 1054 941 1112 τοῦ
969 1045 1089 1132 Τρώων.
1133 1054 1165 1110 Τ.

267 1152 447 1217 Ἀττικόν
468 1158 541 1216 XII.
586 1158 795 1216 Nominativus
817 1176 870 1232 pro
893 1157 1087 1231 genetivo:
1103 1156 1210 1215 Arist:

187 1262 236 1322 Fr.
259 1281 287 1337 p.
314 1264 362 1321 19.
385 1261 476 1320 schol.
501 1282 521 1335 μ
545 1262 600 1319 73:
623 1257 654 1318 οί
675 1254 706 1317 δὲ
729 1253 784 1318 δύο
808 1252 954 1332 σκόπελοι,
979 1253 995 1317 δ
1019 1253 1119 1333 μὲν..
1141 1302 1147 1316 .
1168 1293 1210 1301 -

272 1366 309 1423 ad
335 1365 369 1420 Π
389 1365 468 1422 317:
492 1361 680 1440 Νεστορίδαι,
703 1356 720 1422 δ
743 1357 796 1438 μὲν
818 1354 923 1421 οὕτασ’
945 1355 1102 1435 Ἀτύμνιον

273 1468 364 1528 schol.
388 1470 432 1525 A:
462 1459 538 1544 πρδς
568 1458 600 1524 τδ
624 1467 730 1542 σχῆμα,
762 1459 806 1524 ὅτι
838 1457 902 1524 οἷντί
927 1466 979 1523 τοῦ
1002 1461 1211 1545 ίΝεστοριδών

143 1619 145 1622 .
188 1561 205 1629 δ
222 1565 274 1646 μὲν
288 1563 451 1645 Ἀντίλοχος
466 1563 590 1628 οίίτασεν
604 1561 770 1645 Ἀτύμνιον,
787 1559 805 1626 δ
820 1563 852 1627 δὲ
869 1561 1069 1647 Θρασυμήδης
1081 1561 1210 1644 Μώριν’.

274 1675 309 1732 ad
334 1675 363 1729 Γ
380 1677 461 1733 211ε
485 1665 577 1746 ίίμφω
600 1663 632 1729 δ’
655 1668 788 1747 ἑζομένω,
813 1664 1011 1749 γεραρώτερος
1035 1657 1211 1746 ήενὊδνσ-

188 1768 257 1845 σεώς
275 1775 420 1835 schoht:
444 1769 488 1834 ὅτι
516 1768 685 1850 Ζηνόδοτος
708 1767 762 1832 σών
779 1775 818 1855 τῷ
842 1795 857 1831 ν
880 1768 988 1853 γροίφει
1011 1768 1210 1852 αὲζομένωνῆ

188 1872 220 1937 τδ
251 1873 282 1936 δὲ
314 1869 405 1953 ίίμφω
433 1871 488 1936 δύο
511 1871 636 1946 πτώσεις
658 1874 729 1953 ἔχει·
763 1870 931 1954 ἀμφότεροι
964 1870 982 1951 ἢ
1012 1869 1210 1954 ἀμφοτέρους.

188 1977 239 2039 καί
271 1982 325 2039 νῦν
355 1976 431 2059 λέγει
462 1975 644 2061 Ινίμφότεροι
675 1976 706 2038 δὲ
737 1972 921 2057 καθήμενοι’
952 1972 1022 2037 κατ’
1054 1972 1212 2056 ἐναλλαγήν

191 2077 330 2152 πτώσεως
353 2075 419 2140 ώνιί
442 2085 494 2142 τοῦ
516 2080 698 2159 καθημένων
722 2078 753 2141 δὲ
775 2076 963 2159 ἀμφοτέρων.
987 2078 1037 2140 καὶ
1060 2079 1118 2140 ἔστι
1142 2075 1211 2138 ον’ν-

188 2191 279 2262 ηθες,
304 2177 344 2254 ώς
360 2178 410 2244 ἐπ’
427 2183 540 2245 ἐκείνου
557 2179 638 2266 ΙΙσδν
660 2181 692 2244 δὲ
715 2179 764 2244 δύ’
792 2181 939 2265 ἐρχομένω
949 2183 962 2204 ”
986 2184 1029 2261 (K
1051 2183 1136 2261 224),
1160 2180 1215 2264 “oi

189 2284 220 2348 δὲ
243 2281 298 2347 δύο
314 2281 462 2359 σκόπελοι,
486 2281 594 2364 δμὲν”
609 2290 642 2364 (μ
660 2290 713 2367 73)
736 2282 801 2347 ἀντὶ
824 2289 876 2347 τοῦ
899 2289 958 2345 τών
981 2284 1036 2345 δύο
1050 2281 1210 2344 σκοπέλων.

189 2392 280 2451 schol.
305 2413 314 2450 t
338 2396 399 2450 462
423 2425 464 2434 -—

272 2486 407 2553 Ἰώνων
422 2495 513 2558 XIII.
544 2496 705 2555 Genetivus
721 2515 774 2570 pro
791 2494 974 2554 nominativo
989 2492 1154 2570 participii:
1170 2526 1211 2534 —

277 2595 489 2666 Χαλκιδεῖς
512 2598 596 2659 XIV.
641 2598 837 2657 Accusativus
859 2617 913 2673 pro
935 2597 1118 2656 nominativo
1142 2598 1210 2654 sub-

188 2700 309 2758 stantivi
332 2720 397 2759 cum
420 2700 576 2776 participio
600 2701 766 2760 coniuncti:
791 2733 830 2743 -

270 2795 452 2859 Ἀσιανόν
480 2802 584 2862 XXX.
630 2803 822 2862 Accusativus
853 2803 1002 2879 participii
1032 2822 1085 2879 pro
1116 2802 1211 2861 nomi·

189 2905 305 2965 nativo:
328 2939 369 2948 -

269 3000 499 3086 Ἀργολικόν
521 3008 640 3068 XXXI.
685 3009 893 3068 Nominativus
916 3008 1065 3085 participii
1087 3027 1142 3083 pro
1165 3028 1210 3067 ae·

189 3111 321 3170 cusativo
343 3135 387 3158 =
408 3111 516 3170 Arist:
540 3111 590 3170 Fr.
613 3131 641 3187 p.
668 3116 714 3173 19.

276 3212 386 3271 3350:
403 3210 482 3288 φημί
497 3205 552 3291 γδρ
569 3200 625 3272 οὖν
641 3215 815 3272 κατανεῦσαι
830 3206 1211 3291 ὖπερμενέαΚρονίωνα-

402 3307 579 3392 ἆστροίπτων
603 3312 741 3386 ἐπιδέξια.

275 3417 366 3476 schol.
390 3419 417 3474 A
440 3438 468 3477 v.
493 3422 571 3476 353:
607 3409 651 3476 ὅτι
683 3412 888 3495 ἀκαταλλήλως
918 3417 1030 3497 εἴρηται
1060 3415 1132 3496 (έδει
1155 3413 1210 3498 γώρ

190 3520 381 3600 ίκατανεῦσαι
404 3513 643 3597 ἆστρώπτοντώ).
666 3554 708 3564 —-
731 3519 919 3581 διασταλτέον
940 3517 972 3580 δὲ
994 3515 1088 3600 βραχώ
1113 3519 1154 3591 είς
1178 3515 1209 3580 to*

189 3614 369 3701 ,ἐπιδέξι”ῐ
411 3614 568 3698 ώοώνδετος
590 3616 646 3700 γώρ
670 3615 687 3683 δ
708 3618 795 3702 λόγος
816 3624 968 3694 λείποντος
991 3627 1044 3685 τοῦ
1068 3624 1135 3685 καί·
1161 3623 1211 3684 καὶ

190 3717 367 3798 ώστρώπτων
389 3721 439 3783 καὶ
462 3724 587 3798 φαίνων.
604 3728 693 3784 =T.
727 3728 800 3787 Post
827 3725 972 3801 φαίνοντα
995 3729 1076 3789 addit
1099 3731 1139 3787 B:
1172 3721 1212 3797 ώς

189 3824 238 3884 καί
263 3820 432 3904 Εὐριπίδης
454 3824 486 3886 έν
505 3823 679 3905 Παλαμήδει
701 3824 820 3909 “Adra
844 3823 934 3888 πώλοα
957 3824 995 3907 δή
1018 3825 1049 3889 σ’
1072 3828 1211 3908 ἒξερωτῆ-

191 3945 240 3988 σαι
256 3926 362 3998 ,θέλων
385 3923 470 4007 σχολή
494 3923 528 4006 μ’
551 3925 693 4012 ἆπεῖργε”
719 3935 766 4006 (fr.
791 3934 851 3992 579
874 3933 932 4011 N.).
