2812 4710
522 293 735 358 ..15-

661 556 664 669 Ι
794 555 868 602 Laur.
1037 556 1120 602 recb

679 634 750 702 ἐμοῦ.
793 637 837 690 καὶ
863 632 985 703 Ὅμηρος

678 766 690 786 ι,
701 721 755 774 ἐπεί
791 719 823 788 μ’
853 718 985 788 ἀποείρετο

678 803 771 872 κούρην
780 808 794 829 ”
807 809 839 874 (i)
858 808 901 860 καὶ
913 765 998 880 aditui

677 935 690 956 u
702 889 755 942 ἐπεί
769 887 800 957 μ’
813 889 943 958 ἀφέλεσθέ
955 911 984 959 γε

677 975 764 1036 δόντες
773 979 786 1000 ”
797 972 852 1029 α’ντὶ
864 979 908 1030 τοῦ
921 977 983 1043 ἐμοῦ

677 1057 803 1127 ἀφείλετο.

150 1127 255 1188 Δωριεῖς
282 1120 330 1176 ἀπ’
355 1124 421 1177 ἐναν-

113 1207 170 1266 τίας
187 1215 239 1267 τοῖς
250 1205 375 1267 Ἀττικοῖς
389 1208 420 1262 roi

115 1293 146 1360 ρή
151 1313 218 1359 ματα
227 1295 307 1346 ταῦτα
316 1290 421 1346 συντάσ-

115 1396 187 1431 conos
211 1424 216 1444 ⁴
226 1379 361 1446 μέμφομαί
378 1382 420 1431 σε’

114 1464 226 1529 λέγοντες
238 1465 282 1516 καὶ
292 1510 297 1530 ι
306 1461 420 1527 ὀνειδίζω

115 1551 159 1600 σε’
196 1549 239 1602 καὶ
281 1548 313 1603 τὰ
350 1549 421 1604 λοιπὰ

115 1633 216 1700 ὁμοίως.

200 1731 271 1788 (ium
309 1728 456 1787 sententia
487 1729 602 1803 prolata
635 1732 710 1788 bene
744 1731 893 1791 consentit
928 1738 999 1790 nota
1035 1734 1136 1793 codice

113 1831 288 1890 Taurinensi
312 1839 436 1903 servata,
460 1850 547 1906 quem
571 1832 658 1890 simul
680 1852 743 1891 cum
769 1835 882 1892 duobus
898 1834 964 1892 aliis
980 1854 1019 1892 ex
1034 1838 1136 1894 eodem

112 1935 211 1994 reab
244 1935 406 2009 archetypo
437 1953 570 1992 manasse
597 1933 676 1991 infra
697 1935 973 1999 demonstrabimus.
1018 1937 1137 1998 Scilicet

112 2038 144 2094 in
160 2038 247 2096 huius
262 2037 329 2095 libri
347 2037 536 2112 manuscripti
554 2038 684 2111 margine
700 2039 736 2095 ad
757 2039 852 2114 Τρῶες
868 2040 909 2115 (p.
927 2044 976 2112 39,
994 2040 1026 2116 9)
1047 2042 1136 2100 rubre

113 2141 263 2217 appictum
287 2147 333 2197 est
355 2137 385 2197 ἐν
407 2131 484 2221 ἄλλῳ
500 2132 613 2207 Ἴωνες.
649 2140 734 2202 Quod
758 2141 856 2200 hausit
871 2142 966 2201 scriba
982 2162 1020 2200 ex
1035 2145 1137 2203 archa·

112 2249 186 2320 typo
208 2243 390 2302 recensionis
413 2245 441 2316 b,
464 2244 547 2302 cuius
569 2243 601 2300 in
616 2244 748 2316 margine
764 2245 898 2303 redactor
912 2244 978 2317 hoc,
1003 2247 1080 2323 quod
1098 2264 1136 2303 ex

115 2352 140 2404 Α
164 2346 313 2422 cognitum
336 2347 472 2417 habebat,
503 2350 675 2415 notaverat;
705 2365 773 2403 nam
797 2345 988 2405 Taurinensis
1010 2348 1135 2406 scribam

112 2449 209 2524 ipsum
232 2449 304 2507 illud
329 2449 531 2508 observavisse
562 2449 638 2506 haud
663 2449 803 2507 credibile
826 2455 880 2509 est.
924 2449 994 2507 Tam
1019 2471 1136 2510 somno-

112 2551 212 2610 lentus
235 2553 285 2610 ille
308 2552 548 2628 deprehenditur,
571 2559 616 2610 tot
643 2551 725 2609 vitiis
748 2551 877 2610 codicem
903 2573 986 2610 suum
1009 2553 1136 2628 refersit,

112 2674 190 2734 qnae
213 2656 270 2714 alio
293 2656 485 2714 Lesbonactis
507 2654 708 2730 manuscripto
723 2653 858 2730 inspecto
875 2673 981 2728 magna
996 2673 1034 2712 ex
1052 2663 1135 2731 parte

111 2764 195 2818 certo
219 2759 323 2818 tollere
346 2760 457 2819 debuit.

198 2862 353 2922 Sententia
375 2862 466 2936 igitur
488 2861 581 2937 magis
604 2860 734 2920 stabilita
756 2861 842 2919 nobis
864 2861 923 2918 alia
944 2859 1071 2936 vestigia
1090 2860 1134 2917 in-

109 2965 259 3044 quirenda
281 2972 357 3036 sunt,
382 2966 489 3044 quibus
510 2965 571 3023 red.
595 2966 613 3021 b
637 2963 808 3022 recensione
831 2966 858 3021 A
881 2984 964 3024 usum
982 2981 1045 3021 esse
1067 2983 1134 3020 oon·

108 3069 256 3126 firmetur.
289 3068 381 3126 Paroa
403 3068 603 3128 inveniuntur.
630 3066 741 3125 Tamen
765 3067 932 3142 exemplum
956 3066 1134 3124 dubitationi

107 3171 232 3249 quidem
262 3171 423 3229 obnoxium
454 3169 696 3228 animadvertisse
719 3169 822 3226 videor
844 3169 969 3244 primum
994 3169 1023 3225 in
1047 3169 1133 3227 titulo

106 3274 257 3350 opusculi,
280 3275 316 3331 de
339 3294 397 3353 quo
421 3293 499 3332 nunc
522 3274 638 3331 demum
662 3273 758 3331 dicere
781 3271 865 3330 licet:

200 3395 269 3453 Rec.
288 3399 310 3451 A
327 3394 502 3470 inscriptum
517 3394 623 3451 habet:
647 3383 862 3467 Aaossnivussoc
881 3387 946 3468 περὶ
970 3382 1134 3466 σχημάτων.

200 3498 304 3556 Lanu:
324 3489 464 3554 Ἐθνικαὶ
480 3487 626 3553 dedituros
641 3486 858 3569 Λεσβώνακτος
879 3491 969 3567 (unde
985 3493 1093 3552 codicis
1110 3493 1133 3549 0

104 3597 194 3676 ἄνθη
218 3595 269 3657 καὶ
292 3592 437 3657 dedituros
460 3591 534 3657 sosoi
558 3590 759 3673 Λεσβωνὰκτη
783 3596 956 3671 corrigenda
978 3597 1069 3672 sunt).

198 3724 254 3763 rec.
279 3704 312 3760 b:
344 3701 412 3780 περὶ
443 3705 501 3761 cciv
528 3702 753 3775 σολοικοφανῶν
783 3692 938 3776 σχημάτων
961 3697 1025 3756 τίνα
1046 3696 1135 3756 τίνων

102 3802 273 3867 διαλέκτων
296 3801 359 3864 εἰσί.

198 3912 269 3969 dum
293 3909 397 3967 titulus
420 3931 477 3970 rec.
501 3914 527 3968 A
550 3907 624 3966 nihil
648 3906 819 3964 offensionis
838 3905 988 3981 praebeat,
1004 3904 1134 3961 Lauren-
