2812 4710
680 322 718 334 -
766 283 829 354 110
872 325 912 336 -
1249 290 1310 352 VII

284 458 421 521 laudibus
443 463 538 536 effert,
561 463 645 522 ouius
667 465 844 524 sententiam
868 467 983 542 probat,
1013 465 1153 543 locosque
1186 466 1241 524 sibi
1266 486 1313 524 ar-

285 564 415 623 ridentes
438 571 532 625 notat.

370 667 399 743 a)
422 687 451 743 p.
477 672 546 741 120,
571 675 629 729 26;
652 670 844 746 Thespesion,
867 678 1023 751 postquam
1040 672 1242 747 Apollonium,
1261 674 1312 751 qui

286 775 489 849 aegyptorum
513 791 595 831 soora
617 773 720 846 illusit,
743 762 888 833 refutasse
911 775 967 832 sibi
991 776 1117 847 videtur,
1141 776 1177 832 de
1198 774 1314 833 iustitia

284 874 487 948 disputaturus
510 881 563 938 est.
609 877 702 938 schol.
730 877 772 953 (p.
800 878 890 952 193):
922 870 978 955 όρα
1007 870 1060 935 τόν
1088 875 1215 952 μαίαιον
1242 897 1312 936 ,τοο-

284 973 345 1033 τονί
373 971 584 1054 Φιλόστρατον,
610 971 651 1047 τίς
681 980 747 1058 (pro
771 971 817 1047 οίς
839 979 956 1056 scripsi)
987 971 1045 1061 όρᾷ
1071 973 1123 1037 τόν
1144 973 1314 1055 κατάρατον

283 1071 481 1138 Ἀπολλοίνιον
508 1074 541 1138 τό
566 1067 655 1157 ἧττον
678 1074 917 1160 ἀποφερόμενον,
941 1084 1005 1152 πῶς
1028 1075 1135 1159 ἀπάγει
1158 1083 1211 1156 τῆς
1236 1074 1311 1139 aino-

283 1178 398 1250 θέσεως
419 1177 471 1242 τόν
493 1178 583 1261 λόγον
606 1179 655 1256 ἐφ’
682 1180 785 1261 ἑτέραν
807 1181 975 1259 μετατιθείς
996 1183 1123 1261 ζήτησιν.
1222 1188 1226 1195 ’

369 1306 397 1361 p.
419 1291 485 1359 148,
505 1292 560 1347 19:
582 1288 781 1348 Philostratus
804 1288 995 1364 Apollonium
1019 1290 1169 1363 captivum
1192 1288 1314 1347 vinoula

285 1389 416 1462 solvisse,
449 1390 545 1448 soluta
576 1392 682 1451 deindo
711 1391 885 1450 conexuisse
912 1391 1070 1450 enarravit.
1114 1392 1160 1448 Ne
1183 1391 1311 1466 speeiem

284 1492 413 1551 hominis
434 1512 512 1552 vana
533 1493 685 1574 loquentis
707 1497 856 1569 praebeat,
879 1495 953 1552 haeo
974 1494 1073 1552 addit:
1097 1491 1128 1550 oi
1149 1488 1180 1551 δὲ
1203 1486 1312 1567 εὐηθέ-

285 1610 381 1671 στεροι
411 1595 471 1651 τῶν
501 1588 675 1672 ἀνθρώπων
708 1592 738 1664 ἐς
767 1588 837 1663 τους
866 1590 975 1673 γόητας
1001 1587 1185 1672 ἀναφέρουσι
1208 1596 1310 1653 ταῦτα.

285 1697 377 1755 schol.
400 1697 441 1773 (p.
461 1698 549 1774 195):
581 1695 612 1755 oi
631 1691 819 1774 συνετιότεροι
843 1699 901 1754 τῶν
923 1691 1110 1774 ἀνθρώπων,
1143 1685 1167 1755 ἀ
1189 1696 1311 1775 καταγέ-

284 1800 377 1867 λαστε,
400 1798 533 1877 γοητείας
556 1790 630 1856 εἶναι
653 1801 744 1857 ταῦτα
758 1796 899 1878 λέγουσιν,
922 1794 977 1875 οὐχ
1001 1797 1032 1856 οἱ
1046 1792 1247 1878 εὐηθέστεροι,
1270 1793 1312 1869 τός

285 1894 377 1971 αὐτός
399 1903 499 1980 ληρῶν
520 1899 604 1977 ἔφης.

370 2025 398 2081 p.
425 2010 494 2078 149,
518 2012 554 2065 6:
577 2006 649 2065 (lum
672 2008 761 2065 homo
784 2007 903 2085 quidam
924 2005 1085 2082 Apollonio
1109 2007 1311 2066 renuntiasset

284 2127 383 2183 regem
406 2109 580 2181 doorarisse,
609 2113 645 2168 ut
675 2129 691 2167 e
723 2129 838 2168 oaroere
869 2110 992 2183 emissus
1021 2108 1132 2167 liberae
1159 2110 1311 2169 custodiae

286 2212 528 2284 committeretur,
556 2212 607 2271 hio
630 2213 794 2290 quaesivit:
828 2210 871 2279 τίς
900 2197 955 2269 οὖν
977 2203 995 2269 ό
1021 2205 1251 2286 μετασκευάσοιν
1276 2232 1311 2286 με

285 2309 407 2371 ἐνθένδε
415 2336 423 2384 ;
452 2313 544 2373 schol.
568 2314 609 2391 (p.
636 2314 725 2392 195):
748 2306 766 2372 ό
787 2308 884 2371 πάντα
906 2307 1078 2392 γιγνώσκειν
1102 2309 1311 2392 ἐπαγγελλόμε-

283 2438 343 2485 νος,
368 2409 432 2494 όρα,
449 2419 513 2484 πῶς
536 2418 589 2474 νῦν
604 2409 708 2495 ἀγνοεῖ
720 2410 772 2474 τόν
788 2410 1043 2491 μετασκευόσοντα
1058 2408 1157 2474 αότόν.
1193 2408 1254 2474 είτα
1271 2412 1308 2475 οὐ

284 2523 428 2596 τερατεῖαι
449 2513 485 2578 ‘coi
508 2521 560 2594 τῆς
583 2513 725 2590 ἀλαζόνος
748 2517 920 2597 ἐπαγγελίας
942 2516 974 2578 ἐκ
997 2512 1111 2577 τούτων
1127 2514 1291 2597 ἐλέγχονται
1303 2540 1310 2589 ;

369 2622 483 2680 Similia
505 2623 598 2681 multa
620 2623 769 2681 invenies:
792 2624 828 2680 ad
853 2628 958 2694 146,4
981 2623 1023 2699 (p.
1041 2622 1133 2697 195):
1157 2614 1233 2697 ἀρχὴ
1249 2622 1309 2678 τῶν

283 2717 379 2803 λόγων
400 2718 603 2782 Ἀπολλωνίου
626 2722 751 2797 ψεῦδος.
797 2727 833 2782 ad
858 2725 927 2796 147,
951 2729 990 2783 29
1016 2725 1119 2802 (195);
1143 2716 1311 2794 ἀλαζονείας

286 2821 304 2886 ό
325 2822 414 2906 λόγος
442 2824 492 2885 καὶ
521 2827 708 2905 μελαγχολίας
731 2821 844 2903 μεστός.
891 2830 926 2885 ad
952 2832 1021 2904 148,
1048 2833 1084 2886 16
1107 2827 1213 2904 (195):
1236 2819 1312 2904 ἀρχὴ

285 2932 344 2988 τῶν
366 2931 507 3009 γοητειοῖν
525 2923 737 2988 Ἀπολλωνίου.
782 2933 817 2989 ad
837 2932 906 3003 167,
923 2935 962 2990 33
980 2932 1085 3009 (197):
1108 2932 1195 2988 τοῦτο
1215 2927 1310 2989 έκεῖνο

284 3029 335 3091 καὶ
358 3033 413 3089 νῦν
435 3024 518 3102 ἀξιον
541 3028 590 3090 ἐπὶ
613 3034 667 3089 σοῦ
691 3030 753 3108 ἐρεῖ
772 3031 861 3110 (ἐρεῖν
870 3032 906 3110 ἒ),
935 3025 1121 3105 Ἀπολλοίνιε,
1147 3024 1187 3100 τός
1210 3028 1242 3090 έν
1265 3054 1310 3107 μι-

284 3138 368 3215 κροῖς
383 3129 436 3208 μὲν
451 3132 525 3192 λε’ων
540 3128 588 3205 σύ,
605 3132 635 3192 έν
651 3130 682 3191 δὲ
698 3138 759 3204 τοῖς
769 3136 912 3212 κρατοῦσι
921 3136 1085 3194 Μελιταῖον
1096 3133 1239 3193 κυνίδιον.
1254 3141 1310 3193 eto.

370 3240 401 3316 b)
425 3239 533 3297 Contra
555 3239 655 3298 laudat
677 3239 905 3315 Thespesionem
935 3239 970 3296 ad
994 3259 1022 3314 p.
1048 3242 1117 3310 119,
1141 3243 1180 3297 26
1205 3235 1310 3315 (192):

285 3336 359 3399 καλό
382 3358 429 3398 σοι
452 3335 554 3409 πολλοί,
581 3337 784 3423 Θεσπ<εσ>ίοιν,
810 3334 889 3398 οὕτω
910 3343 1015 3414 σαφῶς
1031 3337 1176 3419 ἐλέγξαντι
1192 3333 1243 3396 τόν
1260 3337 1311 3397 to-

285 3442 396 3518 ξομανῆ
418 3439 469 3500 καὶ
492 3438 660 3514 δοξοκόπον
681 3437 886 3515 Ἁπολλιόνιον,
918 3450 948 3503 et
977 3446 1085 3519 gaudet
1115 3445 1217 3501 eodem
1245 3443 1310 3502 viro

287 3547 464 3605 Graecorum
496 3566 577 3605 soora
607 3548 749 3606 irridente
780 3549 816 3604 ad
838 3567 867 3622 p.
895 3552 962 3620 120,
988 3552 1026 3604 22
1060 3546 1101 3624 (p.
1121 3544 1216 3621 ’192);
1252 3539 1310 3602 οὐκ

286 3644 417 3727 ἀγεννῶς
440 3641 475 3705 τά
497 3652 557 3707 τῶν
578 3641 724 3724 Ἑλλήνων
747 3643 922 3725 νομιζόμενα
938 3642 1085 3726 μυστήρια
1100 3645 1150 3707 καί
1166 3643 1310 3730 inultos)-

287 3746 341 3811 στά
365 3752 474 3830 (suppl.
499 3753 607 3826 Maass)
631 3751 842 3835 ὁιακομφδεῖς,
875 3746 1026 3828 ἄνθρωπε.
1050 3786 1091 3795 -
1113 3752 1251 3830 Denique
1275 3751 1311 3808 ad

287 3858 379 3916 verba
400 3856 561 3932 Apollonii,
585 3856 635 3936 qui
659 3856 781 3915 comites
803 3857 920 3930 rogavit
941 3855 984 3933 (p.
1008 3859 1078 3927 118,
1103 3856 1173 3929 20);
1205 3852 1233 3911 τί
1256 3874 1310 3927 μα-

287 3953 394 4027 θόντες
425 3950 521 4016 όίτοπα
550 3955 599 4016 καί
634 3961 732 4037 γελοῖα
760 3958 842 4015 θεῶν
880 3955 943 4034 εἴδη
984 3953 1215 4038 παραδεδοίκατε
1249 3959 1311 4026 τοῖς
