2812 4710
62 306 166 367 ·III
522 304 734 370 -57—

160 480 186 555 1)
208 481 244 537 ad
269 480 299 535 Σ
320 485 399 538 222τ
422 478 452 537 οἳ
475 471 504 537 d’
528 470 568 547 ὥς
591 465 644 537 οὖν
666 471 732 537 ἄιον
756 471 816 537 ὅντα
838 471 960 554 χάλκεον
977 475 1137 552 Αἰακίδαο,

425 582 514 639 πᾶσιν
537 574 647 658 ὀρίνθη
670 574 779 656 θυμός.

98 686 202 745 schol.
219 690 263 744 A:
287 677 357 767 (dte)
374 678 507 762 ἀμέτρως
522 678 691 759 Ζηνόδοτος
710 676 795 764 “tue
811 680 935 759 χαλκέην
944 680 969 757 ”,
986 676 1022 742 od
1038 680 1137 753 συνεὶς

286 781 333 846 ὅτι
354 781 564 863 παραπλήσιόν
589 785 647 844 ἐστι
669 781 702 845 td
720 789 815 862 σχῆμα
829 787 870 865 τῷ
887 838 893 864 ,
896 843 903 868 ί
911 779 1017 856 κλυτὸς
1030 778 1138 846 ‘Inuo-

286 883 417 964 ὄοὶμεωτ”
442 891 480 969 (Β
504 891 577 968 742)
600 887 652 947 καὶ
674 885 811 970 αθερμός
835 883 960 966 ἆοτμή”.

159 993 187 1070 2)
209 994 245 1051 ad
268 991 284 1049 d
310 998 389 1052 442:
867 996 942 1071 τεῖρε
965 987 1020 1072 γολρ
1044 990 1136 1062 αἰνῶς

483 1089 616 1168 φωκάων
639 1088 837 1170 ω’λιοτρεφὲων
859 1088 1025 1164 ὀλοώτατος
1047 1087 1135 1169 ὀδμή.

91 1198 202 1257 schol.
227 1198 264 1257 P:
288 1192 452 1266 ὀλοώτατος
474 1190 565 1279 ὀδμή]
597 1193 702 1271 ὅμοιον
725 1200 765 1276 τῷ
789 1192 920 1280 “aionis
940 1190 1112 1276 Ἀμφιτρίτη
1121 1197 1137 1227 ”

285 1301 312 1378 (ε
335 1300 408 1377 422)
431 1297 480 1358 καὶ
504 1293 644 1378 ιδθερμός
666 1295 789 1375 ἆυτμή”
813 1298 863 1358 καὶ
886 1293 1019 1383 ssactarde
1037 1292 1137 1360 Ἵττττο-

288 1397 395 1478 deipara
417 1404 456 1482 (Β
480 1403 562 1481 742).

157 1506 187 1583 3)
208 1508 244 1565 ad
268 1504 285 1563 d
310 1508 388 1566 709:
411 1507 490 1581 νηῶν
521 1550 807 1566 ..........
839 1505 873 1564 oi'
892 1500 928 1563 θ’
955 1497 1025 1576 dide
1047 1504 1138 1565 λ’ττττοτ

411 1601 535 1686 ἀνδράσι
560 1609 700 1686 γίνονται,
726 1605 855 1684 περόωσι
882 1604 917 1666 ’δὲ
941 1602 1056 1666 ττουλῦν
1083 1603 1133 1680 ἐφ’

988 1702 1092 1791 iroo'v·

103 1816 201 1876 schol.
227 1816 264 1874 P:
288 1813 318 1872 ἐν
340 1807 463 1890 σχήματι
487 1813 608 1891 εἴρηται,
634 1807 673 1883 ως
696 1808 832 1894 ιιθερμὸς
855 1808 954 1888 ἀυτμή
962 1814 996 1870 ”.

197 1917 311 1980 Quibus
344 1918 416 1976 locis
446 1919 469 1975 si
495 1919 683 1976 Aristarchus
706 1919 827 1975 Homeri
853 1917 967 1975 dicendi
991 1916 1137 1976 rationem

104 2023 302 2095 comprobare
317 2020 444 2091 volebat,
461 2020 512 2077 illa
526 2021 618 2079 verba
634 2038 729 2099 neque
747 2041 784 2078 ex
800 2022 899 2096 hymn.
917 2021 1005 2078 More.
1021 2042 1050 2080 v.
1067 2024 1136 2090 110,

108 2141 197 2201 quem
221 2124 257 2181 ab
280 2123 410 2181 Homero
434 2122 628 2198 compositum
652 2143 715 2180 esse
739 2124 874 2196 negabat,
899 2141 995 2201 neque
1018 2143 1056 2180 cx
1076 2122 1136 2180 He·

110 2227 184 2284 siod.
216 2225 327 2299 Theog.
360 2229 420 2283 696
451 2225 556 2282 afferre
588 2233 714 2299 poterat.
772 2226 827 2284 Sed
861 2227 883 2282 si
917 2225 990 2282 alios
1021 2233 1138 2300 praeter

114 2329 275 2386 Homerum
297 2335 401 2403 poetas
422 2330 480 2386 hoc
502 2348 582 2386 more
605 2328 744 2406 loquendi
774 2349 842 2386 usos
865 2348 928 2386 esse
956 2329 1136 2386 demonstra·
1184 2388 1187 2391 ,

115 2439 198 2488 turus
221 2437 292 2502 erat,
316 2450 424 2487 nomen
447 2430 600 2506 scriptoris
616 2431 668 2488 vix
690 2440 736 2488 ter
752 2432 907 2489 omisisset.
937 2430 1026 2488 Velut
1046 2449 1137 2506 appo·

115 2533 172 2591 suit
197 2530 223 2589 Θ
247 2538 319 2614 455,
361 2533 466 2611 Neque
489 2552 595 2590 nomen
620 2533 765 2592 excidisse
789 2542 892 2608 putare
916 2533 994 2605 licet,
1017 2553 1082 2591 cum
1104 2533 1135 2590 in

114 2636 204 2694 altero
228 2636 318 2694 schol.
351 2627 487 2715 αθερμὸς
510 2629 629 2709 ἇυτμή”
660 2637 738 2694 inter
761 2637 840 2694 locoe
871 2655 908 2693 ex
932 2635 1063 2693 Homero
1086 2655 1136 2711 pe·

113 2738 182 2798 titos
204 2739 302 2814 posita
323 2739 393 2797 sint.
437 2739 522 2796 Unde
545 2740 679 2816 sequitur
700 2741 773 2796 haec
791 2739 991 2796 Aristarchum
1015 2758 1053 2796 ex
1074 2739 1136 2797 Ho-

114 2861 192 2898 mero
227 2840 458 2917 deprompsisse:
499 2842 645 2919 quadrant
673 2852 769 2900 autem
813 2842 906 2899 solum
944 2841 975 2896 in
1011 2861 1030 2914 μ
1065 2845 1137 2898 369.

115 2944 276 3020 Kayserum
300 2963 385 3002 nemo
407 2944 537 3003 virorum
562 2946 713 3002 doctorum
737 2953 854 3003 secutus
878 2952 930 3014 est,
953 2943 1136 3017 argumentis

114 3047 242 3106 refutare
273 3046 352 3104 solus
385 3047 498 3104 studuit
529 3048 573 3104 La
595 3049 712 3119 Roche,
750 3049 829 3104 hom.
861 3046 979 3106 Textlrr.
1011 3066 1039 3121 p.
1064 3050 1134 3117 386,

114 3168 176 3206 oum
201 3149 311 3207 diceret
333 3149 535 3207 Aristonicum
558 3151 680 3208 Homeri
704 3153 795 3208 verba
827 3150 943 3223 saepius
970 3149 1013 3205 ita
1034 3155 1136 3222 protu-

114 3252 189 3323 lisse,
212 3261 245 3309 ut
267 3270 284 3308 a
306 3258 406 3310 textus
422 3253 601 3324 recensione,
626 3272 712 3331 quam
731 3253 917 3311 Aristarchus
933 3252 1135 3322 constituerat,

114 3355 313 3430 discreparent
328 3355 378 3432 (cf.
394 3355 437 3411 La
452 3356 557 3413 Rochii
574 3356 710 3431 exempla
725 3355 745 3413 l.
760 3356 778 3412 1.
795 3376 822 3430 p.
833 3360 894 3411 428
912 3356 1016 3412 hausta
1031 3353 1136 3411 eLud-

113 3457 209 3516 wichii
226 3456 346 3534 Didymi
369 3454 436 3533 περὶ
454 3459 506 3531 τῆς
519 3451 740 3532 Ἀρισταρχεὶοο
760 3451 952 3532 διορθώσεως
969 3459 1026 3532 frg.
1045 3456 1135 3531 Regi·

113 3560 203 3618 monti
219 3563 309 3632 1864,
322 3580 397 3638 quae
408 3559 458 3618 hic
469 3560 611 3636 repetivit
622 3561 791 3619 Aristarchs
803 3562 881 3618 hom.
892 3561 1016 3618 Textkr.
1033 3580 1061 3635 p.
1072 3559 1134 3636 66).

114 3659 195 3724 Quod
219 3671 423 3735 argumentum
448 3663 592 3734 diluetur,
616 3664 639 3719 si
664 3663 744 3722 locos
767 3664 833 3722 illos
856 3662 1082 3739 perlustraveris
1095 3662 1134 3740 1).

119 3772 313 3780 -——

182 3829 205 3895 1)
224 3830 319 3888 Quibus
337 3831 456 3878 Ludwich
475 3839 499 3878 et
517 3833 553 3878 La
566 3835 648 3879 Hoche
667 3848 782 3892 perverse
800 3834 1025 3879 adnumeravcruot
1037 3827 1064 3879 Φ
1079 3833 1135 3889 126,

113 3931 182 3976 quem
200 3931 299 3964 versum
317 3918 477 3965 Aristarchus
494 3919 530 3965 ita
548 3920 694 3979 scripserat:

212 3997 337 4065 hpoioaon
355 4018 392 4060 τις
410 3999 474 4053 κατὰ
493 4003 563 4068 κῦμα
581 4001 698 4067 μέλαιναν
716 3998 793 4070 φρῖχ’
812 3998 912 4063 ὑπαΐξει

212 4083 294 4153 ἰχθύς.
796 4073 799 4079 ’
1009 4089 1099 4156 (verte)
