2812 4710
614 243 825 310 -84-
1184 238 1230 303 IV

207 415 237 490 ἒξ
267 439 303 478 ου
335 413 383 477 καὶ
406 410 638 494 Ἀλαβανδιακός
661 411 896 492 σολοικισμόςῑ),
928 406 969 485 οἷς
994 408 1153 486 Φιλόξενος
1176 406 1233 491 τὴν

204 515 383 581 Ὀδύσσειαν
407 514 611 600 ἐξηγούμενος,
638 515 710 581 ὅταν
731 511 751 596 ἡ
774 513 844 600 ‘pri’
868 513 936 593 ιἰντλ
957 519 1009 594 τῆς
1028 509 1097 598 ,ου’
1125 519 1235 591 κεῖται,

208 617 249 695 ὥς
271 618 304 683 cri
1235 613 1238 617 ’

251 725 315 808 ιιμη
338 720 384 786 δι’
407 719 480 803 ἐμὴν
503 720 604 804 ἰότητα
630 719 805 786 Ποσειδάων
827 721 1013 801 ἕνοσλχθων”
1038 723 1074 805 (0
1097 724 1161 802 41).

292 849 355 906 Iam
378 848 471 907 nostri
493 847 587 907 libelli
610 849 721 924 figurae
743 848 793 906 ubi
816 848 943 925 primum
963 849 1236 906 commemorentur

208 959 237 1012 et
259 956 332 1031 quot
354 950 524 1029 antiquitati
548 952 688 1026 probatae
710 950 831 1023 fuerint,
853 951 1060 1026 exponendum
1083 950 1151 1011 erit.

293 1053 379 1118 Quod
411 1054 471 1112 red.
494 1056 523 1112 A
555 1053 640 1112 nobis
672 1057 740 1130 poet
772 1043 928 1128 Θηβαϊκόν
957 1051 1059 1130 (XVI)
1088 1051 1236 1127 proponit

208 1149 275 1216 ἄλλο
305 1158 402 1234 σχῆμα
431 1149 493 1214 clud
516 1154 670 1228 Βοιωτίας,
706 1149 723 1213 t
752 1147 790 1232 δη
819 1152 871 1213 καλ
897 1147 1082 1232 Πινδαρικόν
1107 1149 1235 1233 λέγεται,

208 1261 406 1332 conferantur,
428 1278 504 1338 quae
527 1259 702 1318 Heraclides
726 1254 897 1334 Milesius2)
922 1262 952 1316 et
974 1259 1009 1316 de
1027 1256 1236 1334 superioribus

207 1363 404 1440 grammaticis
426 1365 552 1422 testatur
583 1366 613 1420 ct
640 1361 705 1438 ipse
734 1362 770 1419 de
799 1362 854 1421 hnc
876 1361 971 1436 figura
998 1360 1129 1436 disputat
1152 1360 1237 1435 apud

207 1466 394 1525 Eustathium
416 1485 445 1541 p.
472 1469 561 1537 1885,
587 1469 624 1523 58
648 1467 684 1523 ad
706 1485 725 1522 υ
752 1469 827 1523 106:

382 1559 450 1626 ἕνθ’
473 1558 531 1646 tipo
554 1563 585 1626 οἷ
605 1559 692 1641 μύλαι
715 1564 793 1626 εἵατο
816 1562 935 1642 ποιμένι
957 1568 1047 1639 torcio,

208 1671 257 1730 ubi
280 1690 382 1730 eorum
404 1670 579 1730 sententiam
602 1671 766 1746 improbat,
793 1670 844 1750 qui
867 1670 1098 1730 contenderunt:
1129 1653 1235 1746 ,ἧταϋ

208 1767 307 1832 ἕνικὸν
329 1765 423 1852 ἤγουν
446 1767 578 1848 κάθηται
600 1768 737 1851 γενέσθαι
761 1768 870 1851 ,ἔσται’
893 1767 942 1830 καλ
963 1772 1119 1847 ληφθῆναι
1136 1771 1236 1830 Βοιω-

208 1877 319 1946 τιακῶς
350 1867 415 1934 οἶντλ
445 1876 651 1952 πληθυντικοῦ
681 1876 734 1935 τοῦ
756 1863 842 1951 ἧνται
864 1870 974 1954 ιἓάται’
999 1870 1029 1932 ἒν
1051 1873 1092 1954 τῷ
1115 1872 1172 1952 αοἳ
1194 1866 1236 1949 δη

208 1981 263 2038 νῦν
293 1975 374 2037 ἕαται
404 1977 493 2061 σιγῇ”
517 1979 646 2056 (Γ134).
687 1971 704 2036 t
726 1972 763 2055 δὴ
787 1972 982 2056 ἆπορραπλζει
1004 1967 1022 2036 o‘
1042 1968 1237 2053 Ἡρακλείδης

209 2075 300 2141 εἰπών
329 2073 471 2141 οὐδέποτε
502 2075 553 2140 τόν
567 2074 710 2159 Ὅμηρον
740 2077 849 2151 ἓνικοῑς
878 2073 989 2158 ῥήμασι
1011 2080 1140 2157 χρῆσθαι
1166 2071 1234 2136 α’ντλ

209 2184 429 2260 πληθυντικῶν,
452 2176 593 2261 καθάπερ
617 2180 706 2252 ἐνίοις
729 2184 869 2243 Βοιωτῶν
891 2180 998 2255 ἔδοξεν.

294 2289 330 2345 ad
354 2309 363 2344 ι
390 2291 436 2360 19,
460 2307 487 2364 p.
516 2291 604 2360 1613,
628 2291 684 2346 25:
717 2276 778 2344 εἶτα
811 2280 903 2344 alnov
935 2287 1078 2363 (Heracl.)
1101 2277 1237 2363 ἡμαρτῆ-

210 2395 283 2448 σθαι
304 2385 355 2448 καλ
379 2383 411 2448 τό
436 2386 541 2468 ,ἐστίν’
566 2380 686 2468 (ὤφειλε
707 2381 773 2467 γάρ,
798 2386 881 2464 φησί,
903 2381 979 2447 κατα
1001 2381 1034 2447 ro*
1058 2386 1166 2464 δίδωμι
1192 2386 1235 2447 δι’·

211 2490 283 2550 δασι
313 2488 364 2550 καὶ
396 2487 473 2568 φημὶ
504 2488 579 2567 φησὶ
601 2487 737 2571 λέγεσθαι
760 2487 809 2550 καλ
834 2487 892 2568 εἰμὶ
915 2489 982 2569 εἰσί)
1005 2487 1056 2549 καλ
1079 2488 1238 2569 ἐπικρίνας

214 2594 301 2652 τοῦτο
326 2589 428 2672 ἐπάγει
451 2586 496 2652 ὅτι
518 2591 568 2653 καὶ
591 2586 675 2670 ἡμεῖς
697 2585 745 2653 ὅτε
761 2589 849 2672 ιεἰσὶν
864 2590 986 2653 ἒκεῐνοι’
1012 2590 1140 2670 εἴπωμεν
1164 2595 1237 2669 πλη-

211 2698 371 2771 θυντικῶς,
404 2692 616 2778 Βοιατκακ>ὠς
645 2689 786 2776 χρώμεθα
820 2690 917 2756 ἓνικὸν
946 2693 1027 2776 ῥῆμα
1057 2691 1133 2755 κατά
1163 2690 1237 2773 πλή-

210 2802 290 2868 θους
311 2791 474 2868 τάσσοντες.

297 2920 409 2978 Morem
447 2919 539 2995 igitur
569 2919 709 2999 loquendi
740 2918 890 2980 Pindarici
927 2920 1084 2979 schematis
1114 2919 1237 2979 nomine

212 3023 416 3098 consignatum
446 3023 622 3081 Boeotorum
658 3022 810 3100 proprium
848 3040 912 3082 esee
944 3022 1143 3097 grammaticis
1177 3023 1237 3081 iam

212 3131 280 3184 ante
311 3125 498 3207 Heraclidem
529 3124 677 3184 Milesium
705 3131 824 3200 recepte
853 3131 916 3185 erat
943 3125 1085 3184 doctrina.
1130 3126 1237 3204 Neque

211 3246 282 3287 vero
313 3230 369 3287 hoc
398 3247 413 3286 e
444 3228 636 3288 Lesbonactis
666 3227 766 3286 libello
798 3234 1011 3304 cognoverunt,
1041 3230 1091 3287 sed
1123 3229 1238 3288 Lesbo-

212 3335 327 3389 ncctem
354 3331 517 3390 doctrinam
539 3330 743 3406 pervulgatam
770 3331 956 3407 adoptarisse
987 3349 1003 3387 e
1035 3330 1237 3406 disputatione

248 3570 250 3574 λ
283 3585 308 3649 1)
326 3586 398 3633 Haud
416 3587 519 3634 multum
537 3602 552 3633 a
571 3601 628 3634 vero
647 3587 761 3634 aberrare
773 3586 871 3633 videtur
883 3586 983 3634 Schmid
995 3586 1050 3651 (der
1058 3586 1203 3635 Atticismus
1213 3588 1238 3634 II

214 3687 237 3732 p.
257 3674 297 3730 60,
317 3687 341 3718 n.
361 3671 411 3734 78),
430 3672 520 3731 quiex
537 3673 683 3721 anctoritate
701 3674 826 3721 rhetorum
845 3672 945 3720 scholae
963 3673 995 3719 ab
1014 3673 1131 3720 Hierocle
1149 3678 1174 3721 et
1186 3675 1238 3721 Me·

214 3759 283 3805 necle
302 3757 426 3805 institutae
447 3757 565 3805 rationem
592 3758 662 3807 illam
688 3759 784 3807 dicendi
809 3758 834 3806 in
853 3772 924 3807 usum
942 3764 1066 3820 receptam
1084 3773 1138 3807 esse
1156 3766 1236 3819 putat.

283 3846 309 3902 2)
327 3857 400 3902 quem
419 3842 482 3889 inter
500 3844 631 3892 Aristonici
656 3849 680 3892 et
697 3844 824 3904 Apollonii
841 3845 917 3905 Dysc.
935 3849 1047 3904 tempora
1064 3845 1177 3893 floruisse
1196 3847 1236 3893 de-

214 3929 360 3976 monstravit
378 3929 406 3975 L.
427 3929 496 3976 (tohu
523 3930 564 3994 (de
581 3929 712 3978 Heraclide
731 3931 826 3978 Milesio
844 3931 1012 3989 grammatico.
1036 3932 1129 3991 Berlin,
1150 3935 1236 3995 1884).
