2812 4710
122 277 161 347 Ι1
529 274 740 338 -11-
847 227 851 234 ¹

124 468 176 506 suo
184 447 310 523 Georgia
322 448 448 507 subiecit
457 448 542 509 Walz
551 447 627 506 VIII
637 469 665 524 p.
677 452 737 506 819
750 449 799 526 (cf.
811 468 839 523 p.
849 450 909 505 818
920 451 980 507 not.
993 449 1054 525 18).
1066 447 1148 509 Haec

124 552 282 621 schemata,
306 569 381 629 quae
398 551 430 608 iu
446 550 505 607 fine
522 551 697 629 paragraphi
715 569 887 625 proponam,
911 569 971 606 non
987 568 1004 606 a
1019 550 1147 607 (lhoero-

123 655 211 711 bosco
235 654 368 728 profecta
390 639 454 711 esse
469 660 594 729 apparet
613 653 711 712 indice
726 658 877 727 troporum
893 653 923 708 in
940 653 1037 711 fronte
1053 651 1147 709 libelli

123 755 228 830 posito,
260 756 337 834 quod
369 760 449 814 reete
480 755 651 814 observavit
672 755 805 814 Walaius
827 754 845 813 l.
870 753 907 827 l.;
940 761 1038 812 tamen
1070 755 1149 811 unde

126 857 268 915 Morellus
289 858 406 915 illarum
430 858 591 932 figurarum
613 858 749 916 notitiam
773 859 952 933 perceperit,
986 856 1148 926 nescimus3

124 979 190 1017 uam
214 961 409 1035 comperimus
432 980 501 1018 sane
525 960 622 1038 (Walz
646 980 674 1036 p.
700 961 772 1037 800)
797 960 957 1018 editionem
974 959 1092 1017 Morelli
1111 960 1148 1016 ad

123 1048 209 1121 iidem
234 1064 298 1122 eod.
321 1064 388 1121 Par.
407 1068 488 1120 2929
511 1063 617 1121 factam
641 1083 704 1121 esse
726 1063 829 1134 videri,
853 1063 904 1120 sed
929 1083 998 1119 num
1016 1068 1149 1120 extrema

123 1167 179 1223 hoe
202 1185 253 1224 me.
277 1165 500 1237 contineantur,
528 1186 545 1222 a
568 1185 645 1223 novo
669 1165 788 1239 Georgii
812 1166 924 1225 editore
949 1163 1064 1223 Walzio
1088 1185 1147 1223 non

124 1267 272 1339 discimus,
303 1267 413 1345 quippe
444 1268 494 1345 qui
526 1268 577 1324 illa
599 1287 638 1325 ex
660 1269 791 1326 editione
812 1266 930 1325 Morelli
954 1267 1146 1326 transtulerit.

126 1371 235 1428 Verum
258 1377 325 1430 utut
347 1372 402 1428 hoc
425 1390 455 1428 se
475 1370 574 1443 habet,
597 1371 723 1446 primum
740 1370 887 1429 affirmare
902 1390 1058 1447 possumus
1073 1371 1147 1445 figu-

125 1493 173 1530 ras
196 1473 322 1546 Georgio
351 1474 553 1531 Choerobosco
585 1475 755 1533 subiunctas
785 1493 801 1532 e
824 1474 1016 1532 Lesbonaetis
1045 1493 1147 1531 mauu-

125 1575 235 1651 seripto
259 1584 390 1651 sumptas
413 1595 491 1645 cssc3
515 1595 582 1633 uam
606 1577 636 1633 in
660 1577 712 1636 tali
731 1596 875 1635 consensu
891 1578 1071 1635 schematum
1087 1582 1147 1634 tam

126 1678 199 1736 mire
228 1678 431 1753 copulatorum
460 1679 584 1737 alterum
613 1681 649 1737 ab
680 1680 771 1738 altero
802 1684 974 1755 usurpatum
1002 1699 1065 1738 esse
1094 1679 1147 1738 vix

124 1782 279 1860 quisquam
312 1781 448 1856 negabit3
490 1789 578 1861 atque
619 1783 784 1840 audivimus
815 1783 996 1840 reductorem
1028 1782 1051 1838 B
1087 1801 1147 1839 uon

127 1882 220 1941 solum
242 1884 296 1940 has
320 1888 459 1962 quattuor
482 1884 599 1959 figuras,
622 1904 724 1944 verum
748 1886 835 1943 etiam
859 1885 978 1942 schema
993 1878 1147 1960 ἕτεροίριθ-

124 2006 181 2059 μον
203 1987 252 2063 (of.
269 2006 297 2060 p.
315 1987 346 2059 6)
370 1985 497 2045 novisse.
530 1987 662 2060 Longius
685 1988 865 2063 progredior.
897 1986 1051 2044 Contendo
1068 1986 1145 2044 enim

123 2089 282 2158 hominem,
306 2088 356 2166 qui
381 2095 521 2166 quattuor
543 2089 651 2162 figuras
674 2108 740 2146 eum
763 2089 889 2162 Georgio
907 2088 1071 2166 coniunxit,
1093 2090 1147 2147 has

125 2189 314 2265 descripsisse
338 2209 353 2246 e
376 2191 439 2249 eod.
463 2191 556 2249 Paris.
581 2191 662 2249 2758
687 2190 735 2267 (cf.
751 2212 781 2267 p.
798 2191 851 2265 21)
875 2190 1083 2265 manuscriptis
1102 2209 1147 2247 re·

124 2293 271 2350 censionis
294 2294 311 2350 b
335 2295 374 2371 (v.
398 2313 426 2368 p.
446 2292 496 2369 13)
519 2294 705 2367 assignando.
751 2294 825 2350 Nam
849 2313 909 2351 non
932 2292 1026 2350 solum
1049 2310 1107 2350 ree.

127 2395 278 2471 exemplar
301 2403 418 2454 secutus
441 2404 494 2468 est,
525 2398 575 2454 sed
599 2397 728 2457 servavit
750 2396 838 2455 etiam
861 2397 924 2455 cod.
948 2396 1041 2457 Paris.
1063 2395 1145 2453 2758

125 2499 312 2573 depravatam
341 2499 514 2572 scripturam
549 2502 582 2574 (s.
606 2500 626 2559 l.
649 2490 709 2556 eiad
729 2499 846 2574 κοινοῦ)
875 2495 1014 2566 ἐκείνους.
1061 2496 1147 2560 Quod

124 2620 295 2675 perversum
336 2619 399 2657 esse
442 2607 472 2658 et
515 2602 621 2660 doeent
658 2603 813 2680 sequentia
858 2597 932 2683 „iet
970 2594 1078 2658 rodaco
1115 2595 1148 2658 di

124 2694 157 2759 sd
182 2698 333 2760 ἕλίσσετο”
365 2709 395 2762 et
426 2709 527 2763 monet
554 2704 629 2763 ratio
653 2705 851 2779 grammatica,
883 2723 958 2783 quae
989 2705 1025 2761 ad
1056 2703 1148 2761 verbs

125 2798 200 2885 (ζέεν
235 2800 389 2874 ἐκείνους”
421 2825 522 2864 vocem
555 2807 702 2866 desiderat
732 2805 815 2866 velut
845 2801 1064 2882 προσληπτέον,
1096 2805 1147 2863 sed

125 2913 300 2965 structuram
325 2901 410 2988 “dud
434 2909 538 2966 κοινοῦ
562 2902 610 2966 ἐπ’
638 2905 769 2978 ἐκείνους
791 2902 823 2966 sd
850 2901 980 2991 ᾕτησεν”
1005 2908 1057 2985 (sc.
1074 2902 1146 2984 iord

125 3028 185 3066 non
208 3010 362 3085 permittit.

239 3128 344 3205 Georg.
369 3130 512 3189 Choerob.
632 3112 635 3201 l
800 3132 886 3190 Lesb.
915 3132 948 3189 Β.
963 3129 992 3208 1)

125 3230 184 3305 (w.
208 3251 236 3306 p.
255 3236 324 3290 ero.
348 3233 398 3309 sp.
418 3234 468 3290 111
490 3254 518 3308 p.
536 3208 635 3309 roei?

165 3324 416 3412 Ἐπεξήγηοίς
446 3333 523 3394 ἐστιν
551 3280 664 3415 oica-ll

125 3436 203 3508 φοῦς
230 3431 333 3506 λέξεως
361 3429 382 3512 ἢ
407 3429 497 3515 λόγου
526 3453 621 3512 σαφη-

124 3531 236 3612 νιομός.
261 3534 362 3607 λέξεως
384 3533 437 3614 μὲν
457 3530 497 3608 ὥς
512 3531 543 3597 τό
560 3474 636 3615 ,lui-l
732 3533 805 3616 λάβε
827 3532 879 3598 adv
902 3540 926 3597 L
948 3543 967 3598 b

124 3638 188 3715 βενε
211 3632 367 3714 ἀκινάκην,
391 3633 408 3698 ὅ
431 3637 490 3698 ἐστι
515 3642 636 3720 Herios-5
738 3634 886 3720 Περσικόν
910 3641 1055 3716 §iusidias
1070 3646 1088 3701 b
1106 3641 1143 3713 ξι·

194 3857 220 3922 1)
237 3860 329 3907 Omnes
348 3862 458 3908 codicum
476 3862 510 3925 (p.
525 3862 567 3923 21)
586 3863 761 3921 discrepantias
780 3865 904 3921 adnotavi,
924 3879 954 3911 ue
973 3865 1076 3912 eandem
1095 3880 1145 3912 rem

124 3946 150 3992 in
168 3947 216 3993 fine
234 3947 395 3994 Lesbonaotis
413 3949 525 4008 opusculi
544 3949 623 3995 denuo
642 3955 753 4009 repetere
771 3963 878 4009 cogerer.
