2812 4710
655 231 888 298 -104-
1240 235 1286 295 VI

260 405 413 478 scholium,
435 407 473 464 de
495 426 554 485 quo
571 406 677 482 agitur,
693 406 916 482 archiepiscopo
932 407 1121 466 tribuendum
1137 407 1287 483 6116166·

260 507 360 567 sertim
383 527 449 566 cum
472 563 487 589 ι,
495 510 635 585 sophistis
651 509 865 586 posterioribus
881 509 990 568 eximie
1006 509 1168 569 delectatus
1182 512 1283 570 videa·

260 617 308 668 tur
330 609 418 669 esse”
440 611 481 688 (p.
505 612 575 684 783,
601 612 641 690 5).
686 613 827 672 Arotham
853 617 951 671 autem
984 611 1175 672 Lesbonaotis
1213 633 1286 690 opu-

260 714 372 772 sculum
403 716 438 773 do
461 714 564 790 figuris
587 716 785 791 conscriptum
816 715 982 790 inspexisse
1013 717 1093 774 infra
1115 715 1203 793 (VII)
1232 736 1287 774 ex·

260 836 377 892 ponam.

345 921 555 996 Disputatione
586 921 723 982 instituta
752 922 810 979 iam
834 921 968 980 ducimur
991 923 1027 979 ad
1051 923 1123 981 duas
1145 922 1288 998 epistulas

261 1023 436 1083 Lesbonacti
461 1024 575 1083 cuidam
598 1025 764 1102 inscriptas,
788 1043 864 1102 quae
881 1023 960 1082 inter
975 1023 1117 1099 epistulas
1132 1024 1287 1101 Apollonii

261 1125 427 1204 Tyanensis
449 1132 585 1187 exstant:

350 1229 378 1302 1)
402 1229 448 1288 od.
479 1230 594 1305 Kayser
626 1234 706 1287 1844
738 1250 768 1306 6.
791 1235 842 1302 48,
872 1230 1009 1288 Hercher
1038 1229 1209 1306 epistologr.
1237 1229 1287 1289 Gr.

261 1351 289 1406 p.
317 1334 385 1389 114.

415 1425 462 1508 611
465 1478 471 1492 .
518 1427 723 1510 Λεσβῑόνακτι.
770 1437 826 1493 Δεῖ
853 1431 998 1493 πένεσθαι
1025 1429 1078 1510 μὲν
1109 1426 1150 1504 ὥς
1180 1427 1287 1514 ἄνδρα,

516 1539 661 1595 πλουτεῖν
675 1533 707 1596 δὲ
730 1529 771 1607 ὥς
793 1530 967 1616 ἄνθρωπον.

347 1640 378 1717 2)
402 1642 447 1701 ed.
472 1642 587 1718 Kayser
607 1662 638 1717 p.
662 1646 711 1714 55,
735 1642 870 1702 Hercher
891 1663 919 1719 p.
945 1646 1017 1701 122.

417 1735 469 1813 ξοί.
519 1737 724 1820 Λεσβώνακτι.
768 1736 949 1819 Ἀνάχαρσις
978 1735 1147 1818 ὄΣκύθης
1177 1729 1215 1818 ἦν
1237 1758 1287 1801 oo·

519 1839 587 1920 φός,
612 1844 639 1904 εἰ
659 1842 691 1904 δὲ
714 1840 851 1922 Σκύθης,
875 1840 921 1905 ὅτι
943 1843 995 1904 καὶ
1019 1839 1158 1922 Σκύθης.

347 1949 419 2008 (dum
448 1949 481 2007 in
512 1949 620 2008 litteris
645 1950 718 2025 ipsis
748 1970 808 2009 uon
840 1956 990 2024 occurrat,
1021 1950 1097 2008 unde
1129 1949 1288 2027 quicquam

261 2052 296 2109 de
320 2051 504 2111 Lesbonacte
527 2053 680 2124 discamus,
702 2053 862 2112 videndum
886 2061 938 2126 est,
964 2072 1034 2110 num
1058 2051 1129 2130 quid
1151 2049 1227 2110 lucis
1250 2052 1286 2110 ab

261 2159 380 2213 auctore
403 2155 473 2214 huic
494 2155 609 2212 homini
631 2154 783 2229 affulgeat.
818 2155 926 2213 Verum
949 2154 1019 2212 hinc
1042 2173 1161 2232 quoque
1182 2172 1287 2231 parum

260 2256 438 2333 proficimus.
479 2259 555 2315 Nam
578 2257 723 2336 quidquid
745 2257 883 2316 statueris
905 2259 941 2315 de
963 2257 1131 2333 suspicione
1153 2257 1285 2314 virorum

261 2361 422 2432 doctorum,
453 2360 504 2438 qui
534 2361 637 2417 harum
669 2359 861 2435 epistularum
893 2360 980 2418 fidem
1009 2359 1041 2417 in
1072 2359 1287 2419 dubitationem

260 2463 492 2539 vocaverunt1),
514 2481 551 2519 ne
575 2463 728 2521 docetote
751 2463 869 2541 quidem
900 2462 990 2521 huius
1012 2463 1090 2538 magi
1115 2461 1164 2521 vel
1187 2462 1288 2537 sophi-

262 2571 324 2623 stae
347 2564 419 2623 satis
442 2571 564 2624 constat.
602 2565 784 2624 Philostrato
808 2566 887 2623 enim
910 2570 940 2624 et
955 2565 1045 2624 Suida
1067 2565 1193 2624 testibus
1207 2564 1289 2623 illius

262 2672 344 2726 66166
366 2667 454 2742 primi
469 2687 498 2743 p.
514 2667 582 2726 Chr.
598 2688 627 2727 n.
643 2686 718 2726 6666.
734 2667 797 2726 fore
813 2668 922 2727 finibus
938 2668 1158 2746 circumscripta
1173 2672 1237 2727 erat
1248 2663 1288 2744 ⁹).

263 2770 440 2829 chronicum
463 2775 566 2829 contra
588 2770 730 2829 Pascbale
754 2770 944 2846 Apollonium
961 2772 1146 2850 Tyanensem
1170 2790 1287 2846 magum

262 2891 287 2931 a.
312 2877 351 2929 93
374 2892 404 2948 p.
427 2873 495 2932 Chr.
518 2892 548 2931 n.
570 2872 721 2946 floruisse,
750 2891 776 2932 6.
802 2876 861 2931 123
877 2854 963 2931 diem
986 2893 1155 2949 supremum
1179 2874 1288 2932 obiisse

333 3057 357 3125 1)
376 3062 457 3106 Banr:
482 3061 632 3120 Apollonius
656 3074 705 3107 von
731 3060 817 3120 Tyana
842 3060 892 3106 und
919 3060 1033 3108 Christus
1051 3065 1097 3109 etc.
1116 3075 1139 3120 6.
1163 3063 1212 3108 102
1239 3057 1288 3125 (ed.

263 3146 346 3193 Zeller
362 3160 385 3204 p.
405 3142 456 3208 99),
474 3146 590 3206 Kayser:
608 3147 685 3206 praei.
704 3147 735 3192 ad
753 3146 799 3194 vit.
818 3146 936 3206 Apollon.
954 3160 979 3205 p.
997 3147 1030 3204 V,
1048 3146 1238 3193 Westermann:
1259 3147 1289 3193 de

263 3232 425 3291 epistularum
442 3231 603 3290 scriptoribus
622 3230 723 3278 Graecis
740 3232 766 3277 11
785 3233 824 3279 15.

333 3314 358 3380 2)
375 3316 542 3365 Philostratus
561 3317 720 3377 Apollonium
737 3317 812 3377 paulo
829 3321 960 3377 postquam
977 3319 1061 3364 Nerva
1072 3317 1216 3365 Domitiano
1235 3333 1288 3366 suo·

263 3403 338 3451 cessit
362 3403 394 3466 (a.
414 3401 457 3462 96)
483 3407 606 3449 mortuum
630 3416 684 3450 6666
707 3408 792 3450 narrat
817 3403 873 3464 (vit.
891 3404 973 3464 Apoll.
992 3404 1053 3449 VIII
1080 3406 1111 3451 21
1131 3399 1194 3469 sq.);
1222 3406 1289 3464 quod

264 3490 326 3536 alios
344 3488 476 3548 octoginta,
494 3489 556 3536 alios
574 3489 718 3549 nonaginta,
744 3490 807 3537 alios
832 3493 930 3537 centum
956 3490 1008 3536 iore
1025 3489 1091 3537 vitae
1109 3503 1188 3537 annos
1206 3489 1229 3536 ei
1249 3491 1289 3538 de·

264 3576 330 3622 disse
347 3574 453 3634 scriptor
465 3574 540 3632 addit,
559 3574 613 3634 1666
632 3589 731 3634 magum
751 3571 930 3638 ἓκατοντούτην
943 3576 1053 3635 appellat
1070 3573 1105 3640 (v.
1119 3577 1203 3637 Apoll.
1214 3573 1290 3641 114),

264 3663 306 3721 qui
324 3661 374 3707 iam
392 3674 414 3707 6.
434 3662 465 3707 17
483 3675 508 3720 6.
528 3658 585 3706 chr.
604 3675 627 3706 n.
647 3659 749 3708 Ciliciae
766 3661 875 3722 praesidi
892 3661 944 3708 fata
968 3661 1123 3708 imminentia
1139 3661 1289 3709 vaticinatus

265 3750 309 3792 661.
330 3744 391 3812 (1.1.
410 3747 422 3792 l
441 3749 474 3794 12
500 3746 530 3792 61.
555 3745 633 3792 Tacit.
658 3748 866 3808 ann.1141sq.
889 3747 939 3795 Dio
963 3747 1091 3806 0666117,
1112 3749 1163 3807 17).
1199 3747 1290 3795 Snidae

266 3846 286 3879 6.
305 3847 329 3878 v.
348 3822 515 3889 Ἀπολλώνιος
538 3834 599 3880 haec
623 3839 696 3880 sunt:
723 3823 827 3898 ἤκμαζε
853 3829 895 3883 ἐπὶ
918 3830 1047 3884 Κλαυδίου
1072 3829 1116 3883 καὶ
1140 3830 1222 3884 Γαίου
1246 3831 1290 3885 καὶ

267 3913 385 3980 Νέρωνος
402 3914 446 3967 καὶ
465 3915 540 3984 μέχρι
557 3915 655 3987 Νέρβα,
674 3913 720 3982 ἐφ’
740 3935 768 3969 ου
787 3917 832 3969 καὶ
851 3914 1014 3984 μετήλλαξεν.
