2812 4710
669 1173 730 1243 vl.

518 1365 580 1442 DE
608 1365 879 1446 SCRIPTORE.

275 1605 466 1677 Testimonio,
497 1626 555 1684 quo
587 1608 623 1664 de
653 1608 797 1683 scriptore
827 1608 959 1685 opusculi
990 1610 1213 1688 edoceamur1),

190 1707 355 1767 carentibus
377 1709 622 1767 considerandum
646 1715 707 1783 est,
736 1729 807 1768 num
838 1711 909 1790 quid
932 1711 1045 1784 exiis,
1077 1732 1152 1791 quae
1176 1715 1211 1772 de

188 1811 419 1871 Lesbonactibus
442 1812 512 1871 alibi
534 1813 700 1886 traduntur,
724 1812 756 1871 in
779 1814 858 1873 hunc
881 1816 1014 1894 quadret.

177 1912 182 1918 ’
270 1915 342 1973 Fuit
371 1914 497 1990 primum
521 1915 680 1974 Lesbonax
707 1915 920 1992 philosophus,
950 1917 1122 1976 Potamonis
1145 1919 1210 1975 rhe-

187 2017 258 2076 toris
279 2021 372 2093 pater,
405 2018 455 2096 qui
479 2017 634 2094 Mytilenis
656 2037 682 2078 a.
705 2019 768 2076 fere
791 2023 829 2078 65
854 2039 879 2078 a.
903 2019 971 2078 (ihr.
995 2039 1024 2077 n.
1050 2019 1099 2078 vel
1121 2019 1208 2078 etiam

187 2125 273 2180 antea
294 2119 432 2180 floruisse
455 2122 618 2179 censendus
641 2121 734 2197 est2).

254 2307 279 2371 1)
297 2308 347 2357 (tur
365 2307 547 2355 Lesbonactem
566 2312 678 2354 nostrum
696 2307 829 2355 Labbaeus
847 2309 887 2355 vel
905 2308 934 2354 Ιι.
949 2307 1057 2355 Allatius
1071 2309 1210 2357 Romanum

186 2393 211 2459 (i.
231 2408 252 2442 e.
271 2390 583 2458 constantinopolitanum)
608 2394 785 2455 appellaverit,
813 2395 904 2441 nescio.
941 2393 1075 2442 Labbaeus
1101 2396 1211 2443 enimin

186 2479 245 2527 bibl.
258 2479 385 2527 novams.
399 2495 424 2540 p.
440 2481 504 2528 883:
523 2521 536 2545 a
544 2479 660 2527 observet
677 2477 778 2528 lector”
795 2481 875 2539 inquit
894 2522 906 2545 u
917 2479 1091 2539 grammaticae
1108 2495 1212 2542 graecae

186 2566 308 2614 studiosus
332 2580 409 2626 opera
426 2565 513 2612 Allatii
531 2566 623 2612 Romae
646 2567 712 2626 apud
729 2567 886 2614 Maecardum
904 2583 926 2613 a.
948 2567 1013 2614 1643
1032 2567 1153 2626 prodiisse
1171 2568 1211 2615 'ri-

186 2652 280 2699 berinm
297 2652 443 2712 sophistam,
461 2652 637 2709 Herodianum,
656 2652 837 2700 Lesbonaotem
854 2653 1002 2711 Romanum,
1020 2653 1093 2699 Micb.
1103 2654 1210 2713 Aposto-

186 2738 245 2785 lium
270 2743 295 2786 et
319 2739 381 2785 alios
407 2737 437 2786 de
461 2737 547 2797 figuris
571 2737 751 2797 grammaticis,
775 2751 862 2797 graece
884 2741 909 2783 et
926 2738 1018 2798 latine,
1045 2753 1109 2798 quae
1127 2744 1210 2787 tamen

186 2826 304 2884 opuscula
329 2824 439 2871 nondum
468 2823 529 2870 mihi
557 2823 643 2870 videre
667 2820 799 2882 contigit''.
843 2824 934 2886 uHaec
963 2823 1122 2885 (typographi
1148 2825 1211 2873 forte

186 2912 268 2974 culpa)
295 2923 422 2969 nunqnam
440 2910 520 2956 lucem
538 2908 640 2968 vidisse,
667 2907 703 2954 uti
726 2908 805 2954 multa
829 2908 892 2966 alia,
917 2921 980 2968 quae
998 2908 1107 2954 Allatius
1124 2909 1211 2957 usibus

187 2997 292 3057 publicis
318 2995 488 3043 laudatissimo
514 2995 595 3042 studio
620 2993 775 3042 destinavit'’
801 2994 906 3041 coniecit
926 2992 1069 3039 Fabricius:
1094 2993 1155 3040 bibl.
1174 3009 1210 3055 gr.

186 3082 201 3129 l.
219 3082 241 3128 V
260 3097 299 3142 cp.
319 3084 333 3129 'i
351 3097 376 3142 p.
393 3082 435 3129 48.

252 3165 278 3233 8)
297 3167 325 3214 0.
344 3165 474 3213 eichorius
497 3162 569 3230 (Rom
588 3165 639 3211 und
656 3165 783 3225 Mytilene,
811 3164 916 3224 Leipzig
936 3161 1011 3227 1888)
1036 3177 1065 3210 ex
1083 3163 1160 3211 titulis
1178 3166 1210 3212 ab

185 3253 238 3312 ipso
264 3252 395 3312 descriptis
412 3252 574 3299 Potamonem
593 3265 616 3298 a.
637 3247 731 3317 '125J29
751 3263 766 3296 a
783 3250 940 3310 Mytilenaeis
957 3250 1062 3296 Romam
1087 3250 1118 3295 ad
1137 3248 1210 3297 Octa-

185 3339 287 3385 vianum
318 3353 374 3385 cum
398 3338 455 3384 aliis
479 3338 540 3384 viris
570 3337 680 3396 legatum
704 3337 806 3383 missum
834 3350 887 3383 csse
914 3335 1082 3382 demonstrare
1109 3336 1208 3383 studuit.

185 3423 255 3472 Hanc
273 3425 421 3472 sententiam
440 3423 511 3471 novis
529 3422 733 3482 inscriptionibus
750 3422 872 3481 indagatis
889 3420 1004 3481 repetivit
1027 3421 1053 3467 in
1071 3419 1210 3486 ‘Sitzungs

185 3509 235 3558 ber.
262 3512 305 3558 der
332 3511 445 3557 Berliner
471 3508 603 3556 Academia
629 3508 674 3554 der
692 3505 856 3554 Wissensch.’
884 3507 948 3555 1889
974 3521 998 3566 p.
1017 3508 1066 3555 953
1085 3521 1121 3565 sq.
1164 3506 1209 3553 Cui

188 3597 335 3645 adversatus
354 3596 400 3642 Tb.
418 3597 556 3642 Mommsen
575 3596 591 3641 l.
610 3595 625 3640 l.
644 3609 668 3653 p.
689 3596 738 3643 9⁷5
755 3594 917 3640 Potamonem
937 3606 992 3638 cum
1009 3592 1096 3639 ceteris
1113 3593 1211 3652 Mytile-

185 3683 255 3730 naeis
278 3684 328 3729 iam
346 3695 368 3728 a.
389 3679 484 3749 scelat
507 3681 538 3728 ad
565 3680 695 3727 Caesarem
720 3680 857 3740 protectum
881 3692 935 3726 esse
959 3676 1083 3737 probavit.
1117 3677 1210 3726 Romae

185 3773 267 3815 antem
293 3768 336 3815 ille
361 3768 450 3815 iterum
467 3770 632 3814 commoratus
650 3771 687 3812 est
705 3780 727 3812 a.
748 3760 852 3831 resset,
879 3763 1007 3810 Tiberium
1024 3762 1089 3809 vidit
1106 3777 1210 3822 regnan·

185 3857 242 3912 tem,
267 3854 403 3914 nonaginta
429 3866 508 3900 annos
533 3851 674 3912 explevisse
697 3851 786 3898 dicitnr
804 3850 918 3911 (Lucian.
938 3848 1047 3896 macrob.
1067 3846 1124 3912 23):
1151 3849 1211 3897 hinc

185 3940 262 3999 patris
280 3937 442 3986 Lesbonactis
460 3942 571 4000 tempora
588 3950 668 3985 eruas.
696 3937 735 3984 Ad
752 3951 826 3996 quem
843 3934 967 3996 pertinent
980 3933 1083 3983 Suidae:
1102 3931 1209 4003 Δεσβῶ·
