2812 4710
94 284 133 354 Ι,
507 280 716 346 -25-

339 453 358 498 Ρ
693 454 730 501 La

95 572 121 615 p.
141 559 182 613 47,
203 560 231 604 17
252 551 381 607 ἀπώλοντο
624 551 756 607 cino'lmcro

95 657 121 701 n·
141 644 182 699 49,
203 645 233 690 19
245 633 367 704 Ὅμηρος
625 634 725 704 dccco<

96 742 120 786 p.
141 729 215 784 ont
252 723 280 777 τὸ
300 722 337 789 μή
357 723 421 791 μετὰ
441 725 551 791 μέλλοντ.
625 721 690 789 μετὰ
709 726 747 773 bis
766 742 812 775 son.

95 828 120 872 p.
142 816 183 870 52,
205 816 233 860 11
254 810 360 874 δοτικῆς
623 808 726 875 γενικῆς
760 810 861 876 (poster.
900 819 973 876 ternp.
1009 828 1063 860 corr
1098 815 1122 859 in

693 894 809 958 δοτικῆς)

97 1001 121 1044 p.
141 986 215 1038 53.2
252 982 341 1049 δοτικῄ
625 982 715 1050 perrari

186 1089 232 1147 Ex
260 1086 309 1145 his
338 1089 396 1147 duo
427 1087 486 1146 loci
516 1087 755 1148 luculentissime
786 1091 993 1150 demonstrant
1020 1091 1044 1148 F
1075 1110 1124 1165 ge-

98 1190 193 1250 nuina
215 1210 351 1251 servasse
373 1210 470 1270 neque
501 1190 681 1251 coniecturis
709 1191 900 1272 inquinatum
931 1214 1011 1252 esse:
1043 1192 1126 1270 prior

98 1316 121 1352 s.
139 1295 189 1368 fig.
206 1293 308 1351 loniea
323 1297 364 1370 (p.
382 1301 430 1358 40.
453 1293 500 1371 13)
516 1293 681 1366 invenitur,
699 1296 749 1354 nbi
770 1300 838 1372 post
855 1295 995 1354 Homeri:
1023 1296 1126 1372 Τρῶας

99 1391 133 1454 dd
150 1397 248 1471 στίχας
264 1383 448 1473 οὖλος’Ἇρης
464 1388 575 1472 ὤτρυνε
590 1390 740 1471 μετελθών
756 1398 797 1476 (Ε
809 1397 884 1474 461)
900 1403 1040 1457 secuntur
1055 1398 1125 1456 inF

98 1491 152 1567 τοὶς
168 1499 275 1575 στίχας,
293 1518 369 1578 quae
384 1498 416 1556 in
433 1499 477 1557 La
491 1507 602 1558 recent.
619 1520 657 1557 m.
675 1499 797 1559 addidit.
837 1501 920 1559 Haec
935 1500 1014 1559 enim
1032 1501 1126 1559 verba

100 1610 171 1660 sunt
193 1601 339 1681 reliquiae
363 1601 477 1662 veteris
499 1601 711 1678 explicationis
734 1595 786 1670 τοὶς
809 1603 905 1678 στίχας
928 1603 987 1660 τῶν
1008 1598 1125 1679 Τρώων,

100 1724 160 1782 qua
197 1725 285 1780 aegre
323 1724 466 1763 caremus.
518 1705 611 1764 Porro
649 1707 703 1764 eub
741 1707 850 1766 schem.
885 1696 997 1763 Ῥόδιον
1033 1707 1127 1765 verba

101 1807 207 1888 ὃοτικῂ
249 1799 356 1864 πτώσει
400 1808 442 1885 (p.
467 1813 524 1880 53,
548 1807 579 1885 2)
617 1810 726 1884 proba,
773 1810 824 1866 scd
868 1826 995 1886 sequens
1029 1825 1126 1866 exem·

99 1910 182 1984 plum
214 1903 354 1990 ‘adleocv
386 1911 439 1967 τοὺ
463 1901 647 1986 ἅνθρώπου’
670 1913 867 1988 depravatum
890 1929 955 1970 esse
988 1910 1126 1969 elucete

98 2031 159 2071 rec.
183 2012 216 2070 B.
261 2010 341 2076 Quid
363 2017 462 2071 autern
479 2011 551 2071 fecit
573 2013 729 2072 Lascaris?
773 2013 948 2090 Respiciens
971 2012 1127 2090 sequentia

99 2115 169 2195 ‘cod
192 2106 377 2188 dvdpcircov’
407 2114 540 2173 mutavit
562 2113 665 2195 δοτικῇ
690 2109 799 2173 πτώσει
821 2116 852 2173 in
885 2116 985 2196 γενικῇ
1008 2109 1126 2172 πτώσει.

99 2217 160 2276 Vix
181 2215 276 2292 igitur
298 2238 373 2294 opus
396 2227 441 2276 est
463 2216 537 2275 alios
559 2217 641 2275 locos
664 2217 779 2289 afferre,
803 2217 855 2276 ubi
879 2237 931 2276 cur
954 2216 1088 2275 Lascaris
1111 2238 1128 2275 a

100 2319 212 2377 tradita
227 2317 376 2396 scripture
392 2318 577 2379 aberraverit
599 2319 729 2397 perspici
749 2341 836 2397 posse
859 2325 1005 2396 putamus,
1027 2324 1127 2378 tamen
1156 2306 1165 2323 ’

101 2441 317 2481 commemoro:

101 2546 130 2600 p.
155 2530 204 2596 49,
232 2529 267 2582 10
298 2516 515 2602 Περιηγητικόν
537 2523 569 2582 in
594 2519 851 2603 Περιηγηματικόν
874 2523 1058 2585 convertisse
1082 2524 1127 2584 vi·

294 2627 390 2698 detur,
415 2631 448 2684 ut
470 2626 637 2703 prohoemii
654 2630 777 2687 verbum
802 2619 1059 2705 Περιηγηματικόν
1081 2647 1127 2685 re·

296 2734 426 2805 peteret;

104 2854 133 2910 p.
159 2836 209 2904 36,
235 2836 271 2889 16
297 2827 339 2899 εἰς
360 2823 414 2906 τὴν
436 2829 563 2908 πατρίδα
585 2831 618 2890 in
640 2829 681 2900 εἰς
704 2830 841 2908 πατρίδα,
871 2838 906 2892 ut
927 2831 1129 2892 antecedenti·

295 2936 350 2993 bus
373 2926 453 3014 “cciv
476 2932 595 3011 πατρίδι
618 2931 696 3010 ὲ’βη”
719 2936 962 2995 accommodaret.

104 3040 152 3096 Ex
177 3037 225 3095 his
248 3034 389 3096 Lesoarin
412 3035 481 3095 illos
506 3040 567 3096 tres
597 3038 680 3097 locos
709 3038 808 3115 ipsum
831 3038 1003 3097 emendasse
1027 3042 1058 3095 et
1080 3056 1127 3095 co-

103 3141 199 3200 dicem
218 3140 252 3212 F,
277 3157 446 3219 quanquam
471 3137 572 3216 paucis
596 3139 668 3199 locis
696 3140 873 3211 emendavit,
896 3140 928 3199 in
954 3138 1127 3199 universum

103 3263 209 3319 parum
233 3245 370 3301 accurate
386 3241 578 3318 descripsisse
600 3262 667 3300 mea
683 3241 802 3321 quidem
822 3242 972 3302 sententia
994 3247 1127 3317 apparet.

188 3346 283 3419 Pergo
306 3345 343 3402 ad
365 3343 501 3402 Salmasii
525 3345 664 3404 codicem.
710 3341 806 3407 Quem
829 3365 845 3404 e
869 3342 1044 3404 Florentino
1071 3344 1128 3403 flu·

102 3447 185 3507 xisse
207 3447 301 3507 multa
328 3451 399 3505 sunt
428 3455 613 3520 argumenta.
667 3447 800 3505 Primum
831 3446 984 3523 conspirat
1015 3467 1081 3506 cum
1105 3447 1127 3503 F

102 3551 201 3630 iisqne
221 3549 297 3626 ipsis
320 3549 401 3621 locis,
426 3548 533 3629 quibus
551 3549 592 3608 La
614 3551 803 3608 aberrantem
818 3548 958 3622 vidimus,
980 3550 1043 3608 fere
1066 3569 1128 3608 orn·

103 3653 201 3712 nibus.
246 3650 364 3710 Deinde
394 3656 511 3711 constat
540 3650 671 3726 priorem
703 3651 812 3711 codicis
844 3659 959 3728 partem
986 3670 1001 3708 e
1024 3671 1128 3709 manu·

104 3754 216 3833 scripto
233 3754 361 3833 quodam
377 3753 551 3813 Florentino
569 3773 711 3812 manasse.
742 3755 817 3812 Nem
833 3756 908 3813 haec
923 3758 1025 3813 notata
1042 3759 1128 3812 sunt:

105 3877 133 3935 p.
150 3861 205 3916 10:
230 3912 244 3937 “
253 3860 353 3915 cetera
375 3856 485 3915 desunt
506 3855 537 3913 in
562 3855 663 3915 codice
686 3853 894 3916 Florentino.''
925 3878 953 3934 p.
968 3863 1024 3916 32:
1049 3856 1129 3938 “hoc

104 3959 185 4039 quod
208 3957 344 4039 sequitur
366 3962 456 4035 capnt
477 3957 509 4016 in
533 3979 588 4018 ms.
604 3959 686 4018 Flor.
701 3958 830 4035 primum
855 3959 1010 4019 obtinebat
1031 3960 1129 4018 locum
