2812 4710
585 293 797 358 -82-
1155 288 1200 349 1v

261 465 351 525 suhol.
382 468 427 523 A:
465 457 562 533 οὕτως
593 457 780 543 Ἀρίσταρχος
817 457 973 541 ἀμφότερα
1010 454 1060 521 διά
1096 462 1151 521 τοῦ
1187 464 1201 520 ἓ

178 563 428 647 ίχπροτρε’ποντο”
446 563 496 624 καὶ
520 563 593 646 “zui
616 566 729 642 νηῶν”.
752 563 825 644 λέγει
849 560 904 645 γάρ
928 558 1012 646 ιούτε
1029 557 1199 644 προτροπά-

177 668 233 744 δην
255 665 384 748 ίφευγον
417 665 466 728 ἐπὶ
489 664 541 737 τάς
564 670 636 738 ναῦς
645 668 660 728 '.
695 662 715 744 ἡ
738 664 769 727 δὲ
791 668 881 744 διπλῆ
904 663 980 746 πρός
1003 661 1035 727 τό
1059 662 1202 743 σημαινό-

178 792 267 848 μενον
295 767 341 831 ὅτι
359 767 502 841 Ἀττικῶς
532 767 699 849 ἐξενήνοχεν
730 763 802 852 (οὐκ
834 770 961 852 ἔφευγον
989 764 1206 849 προτροπάδην

179 873 229 934 ἐπὶ
251 868 304 945 τάς
325 873 423 944 ναῦς’.
452 871 525 934 ἔνιοι
548 870 578 933 δὲ
600 867 776 952 άγνοοῦντες
799 870 967 953 γράφουσιν
990 867 1075 955 “uinci
1091 872 1205 950 νηῶν”.

179 978 287 1057 γίνεται
327 972 358 1036 δὲ
395 971 585 1054 ἀδιανόητον.
624 973 660 1036 ού
699 970 755 1056 γάρ
789 971 849 1037 άπδ
883 980 941 1037 τῶν
975 979 1051 1037 νεῶν
1083 968 1208 1054 φεύγειν

180 1079 347 1157 ίμελλονῑ).

266 1186 310 1242 Ad
333 1182 354 1258 β
376 1189 453 1242 206:
477 1181 574 1242 εἵνεκα
596 1184 649 1259 τῆς
672 1177 779 1261 ἆρετῆς
802 1180 994 1261 ἐριδαίνομεν.

266 1287 354 1346 suhol.
379 1289 408 1346 H
427 1288 458 1345 Μ
475 1286 502 1350 Q
518 1288 560 1346 R:
590 1278 607 1345 ό
628 1279 814 1364 Ἀρίσταρχος
843 1286 953 1344 λείπειν
986 1281 1059 1362 φησί
1094 1279 1127 1344 τό
1153 1277 1207 1363 άρ-

181 1392 268 1465 θρον,
291 1387 335 1446 ἵν’
360 1376 379 1472 ᾖ
402 1387 512 1468 ιείνεκα
535 1391 588 1463 τῆς
610 1382 719 1464 ταύτης
741 1382 870 1467 άρετῆς’.
905 1381 1006 1446 Ἰακόν
1028 1383 1060 1446 δὲ
1082 1381 1115 1446 τό
1133 1385 1210 1457 ἔθος

182 1482 264 1549 εἶναι.
306 1486 525 1570 Ἀριστοφάνης
557 1488 588 1551 δὲ
619 1484 777 1551 ύποίπτευε
808 1487 860 1550 τόν
891 1491 998 1569 στίχον,
1030 1484 1209 1569 νεωτερικὸν

181 1590 272 1673 λέγων
295 1586 390 1669 ίίνομα
412 1588 444 1653 τό
468 1596 520 1670 τῆς
543 1589 659 1673 άρετῆς,
704 1589 837 1655 πιθανόν
869 1590 901 1655 δὲ
923 1597 1099 1653 συναθετεῖν
1123 1587 1210 1675 αὐτῷ

182 1692 232 1754 καὶ
254 1690 305 1755 τόν
328 1692 386 1775 πρό
410 1691 505 1756 αὐτοῦ
528 1694 576 1755 καί
599 1692 651 1758 τόν
674 1689 739 1772 μετ’
761 1691 864 1758 αὐτόν.

268 1801 303 1857 ad
327 1800 411 1860 Pind.
436 1801 538 1859 Isthm.
562 1802 578 1858 I
602 1806 659 1860 58:

226 1897 254 1958 εί
274 1892 307 1958 δ’
330 1897 420 1985 αἰρετᾷ
443 1896 612 1961 κατάκειται
634 1904 732 1961 πᾶσαν
755 1896 849 1982 ὀργάν

226 1997 396 2083 άμφότερον
418 1999 566 2074 δαπάναις
588 2003 681 2065 τεκαὶ
698 1998 805 2076 πόνοις

226 2101 281 2186 χρη
304 2129 350 2166 νιν
373 2099 558 2186 εὑρόντεσσιν
580 2102 714 2187 ἀγάνορα
735 2103 852 2184 κόμπον
867 2101 908 2184 μὴ
924 2111 1090 2184 φθονεραῖς
1105 2103 1212 2186 φέρειν

229 2203 369 2288 γνοίμαις.

271 2314 380 2372 schol.:
407 2306 594 2393 Ἀρίσταρχος
623 2307 678 2372 σύν
709 2315 748 2394 τῷ
773 2336 783 2372 ι
805 2306 913 2391 γράφει
935 2309 985 2372 καὶ
1007 2312 1138 2392 περισπᾷ
1162 2308 1213 2369 καί

187 2406 322 2490 Ἀττικὴν
352 2411 461 2491 δέχεται
491 2410 544 2492 την
569 2409 714 2488 σύνταξιν,
738 2410 778 2475 ἵν’
807 2403 825 2497 ᾖ
849 2407 866 2473 δ
887 2408 975 2494 λόγος
998 2411 1041 2493 ‘st'
1061 2414 1097 2496 τῇ
1121 2409 1214 2496 ἀρετῇ

187 2509 355 2575 κατάκειται
385 2511 460 2576 κατά
493 2512 605 2597 τρόπον
636 2513 746 2597 (πάντα
777 2512 889 2596 τρόπον
911 2519 979 2578 Βοο.
1011 2509 1086 2575 κατά
1113 2509 1213 2575 πάντα

187 2615 329 2697 τρόπονὲ)
364 2616 394 2678 ίν
424 2639 453 2677 τε
485 2622 525 2702 τῷ
556 2625 659 2680 πονεῖν
689 2612 781 2679 αύτόν
808 2622 849 2701 τῷ
872 2618 938 2701 ίδίρτ
962 2612 1074 2694 σάματι
1097 2616 1148 2678 καὶ
1171 2620 1213 2700 τῷ

188 2721 336 2792 δαπανᾶν,
358 2723 399 2802 τῷ
421 2717 474 2796 μὲν
496 2721 632 2781 δαπανᾶν
654 2718 790 2782 καθόσον
813 2716 1030 2801 ἱπποτρόφησε,
1054 2722 1096 2803 τῷ
1112 2717 1143 2779 δὲ
1160 2743 1213 2780 πο-

189 2828 248 2883 νεῖν
270 2816 407 2883 καθόσον
429 2816 549 2902 ἡνιόχει,
574 2819 629 2902 χρη
651 2829 713 2895 τοῖς
735 2817 856 2904 εύροῦσι
878 2817 932 2901 την
947 2816 1087 2898 τοιαύτην
1104 2817 1215 2903 ἀρετὴν

189 2920 241 3002 τὴν
265 2918 398 3005 α’γήνορα
421 2921 533 3004 κόσμον
558 2921 689 3004 (κόμπον
712 2929 822 2988 eunies.
845 2927 944 3004 Horu)
967 2919 1009 3002 μη
1032 2929 1214 3004 φθονεραῖσι

190 3021 322 3108 γνοίμαις
345 3025 455 3102 φέρειν,
486 3027 617 3088 τουτέστι
643 3023 675 3088 τό
700 3023 808 3105 σεμνόν
830 3022 966 3105 καύχημα
988 3020 1029 3105 μὴ
1053 3031 1225 3111 φθονεραῖςι

189 3127 300 3209 φέρειν,
325 3123 391 3188 ἄλλ’
414 3129 552 3191 ἐπαινεῖν.

276 3233 450 3312 Quanquam
473 3236 562 3295 schol.
587 3237 707 3297 difficile
722 3237 884 3309 intellectu,
908 3243 1005 3295 tumen
1025 3232 1105 3295 τὸοτο
1120 3235 1215 3295 inter·

190 3342 322 3412 pietatus
352 3337 470 3396 videtur
501 3357 564 3397 esse
588 3339 674 3396 Horu
688 3336 726 3416 ²),
760 3339 810 3417 qui
835 3340 1036 3398 Aristarchum
1063 3338 1217 3414 scripsisse

190 3430 325 3518 ιιοίρετιγ”ι”
356 3445 386 3498 et
415 3440 473 3521 ιιτῇ
497 3432 588 3522 άρετῇ
611 3434 801 3498 κατάκειται”
833 3442 935 3520 ιιίιεειιδ
958 3441 1045 3500 aliter
1066 3441 1216 3516 accepisse

189 3542 283 3602 videri
314 3560 348 3600 sc
379 3542 402 3599 si
432 3543 498 3621 quis
529 3543 640 3602 diceret
668 3544 706 3624 τῇ
736 3537 826 3626 ἀρετῇ
857 3536 1010 3602 αἰνάκειται
1038 3544 1089 3616 ita,
1119 3549 1154 3602 ut
1177 3563 1215 3602 ex

262 3798 287 3862 1)
305 3798 358 3846 Hos
377 3798 438 3845 duos
455 3797 522 3844 locos
540 3798 589 3845 ium
602 3798 793 3846 Frisdlusuder:
813 3801 843 3846 ds
862 3799 1003 3846 sehsmstol.
1016 3799 1092 3845 Arist.
1112 3801 1214 3857 p.15‚2

192 3887 216 3930 st
234 3882 404 3943 Seugebusch:
423 3885 504 3930 unnal.
524 3884 643 3931 uleekeis.
662 3885 710 3931 vol.
724 3885 817 3931 LXVII
836 3899 857 3931 s.
880 3885 943 3933 1853
962 3900 985 3944 p.
1006 3886 1054 3931 252
1073 3885 1215 3931 attulerunt.

261 3969 287 4034 2)
305 3970 335 4017 ds
353 3971 426 4016 Arist.
447 3970 511 4017 stud.
532 3970 602 4017 Pind.
621 3985 646 4030 p.
667 3971 706 4017 70.
