2812 4710
600 335 640 347 -
686 297 727 363 74
771 333 811 344 ·-
1172 298 1223 358 ΙΙΙ

282 477 374 550 p.58‚
391 477 436 531 14.
471 472 613 532 Promisit
635 473 761 548 scriptor
783 491 814 531 se
838 491 894 530 usu
916 471 1100 550 pronominis
1116 469 1160 528 τίν
1176 472 1224 529 cui

199 576 289 636 dativi
300 577 346 635 vis
357 577 475 645 inesset,
492 574 615 648 figuram
633 575 890 650 comprobaturum
902 594 975 633 esse.
998 578 1099 651 Atque
1110 574 1225 631 addidit

197 679 293 737 locum
305 699 343 737 ex
352 677 481 736 Homero
492 677 628 735 haustum
637 676 681 752 (A
692 677 775 749 201),
784 698 842 755 quo
855 678 974 737 schema
984 696 1050 734 enm
1060 676 1224 734 illustratu-

197 801 261 840 rum
277 799 341 840 esse
356 799 372 837 e
389 779 600 837 consuetudine
616 791 830 855 exspectamus.
865 781 921 838 Sed
937 799 1100 855 pronomen
1118 776 1223 857 “triv”

197 887 246 945 hio
269 884 359 944 dativi
383 884 478 942 locum
502 889 599 955 tenet,
623 884 652 940 id
676 885 754 961 quod
778 885 865 944 etiam
890 883 981 943 schol.
1004 886 1033 943 Δ
1054 882 1224 942 adnotavit:

198 986 389 1064 σημειοῦνταί
419 1005 494 1055 τινες
525 980 569 1043 ὅτι
596 983 627 1045 ἒν
650 984 704 1068 logo
728 988 768 1068 τῷ
792 986 868 1067 ‘ool'
890 978 912 1062 η
927 985 1032 1066 ί,τείν”
1050 980 1224 1059 ἀντωνυμία

199 1083 320 1168 Auerni
351 1076 427 1148 οὖσα
456 1081 531 1147 κατὰ
561 1083 747 1163 πλεονασμόν
770 1092 823 1147 τοῦ
847 1110 859 1147 ε
883 1086 1034 1167 ἐξηνέχθη,
1067 1082 1142 1146 ὅθεν
1164 1109 1224 1160 ‹pv-

197 1187 333 1253 λίσσεται
355 1184 373 1250 ὅ
395 1185 486 1261 αὖτίς
500 1184 603 1264 τόνος.
640 1194 746 1273 Itaque
769 1195 953 1254 enuntiatum
976 1193 1050 1250 illud
1073 1185 1148 1265 oiim
1165 1184 1224 1269 γαρ

198 1288 339 1370 οὐδεμιᾶς
361 1288 500 1364 ιττιίσεως
515 1289 535 1370 ἢ
553 1294 671 1370 δοτικῆς
689 1290 835 1372 dulcorasti
853 1297 917 1356 loco
938 1297 1097 1355 Homerico
1116 1296 1224 1354 confir-

198 1418 277 1456 mare
293 1407 395 1458 auctor
409 1410 510 1457 noster
524 1399 642 1458 videtur
657 1399 793 1458 voluisse.
828 1400 956 1474 Figurae
977 1399 1069 1473 igitur
1085 1397 1225 1472 exempla

137 1503 140 1507 ’
198 1502 417 1574 desiderantur,
449 1502 533 1560 nobis
563 1501 741 1579 inquirenda
773 1508 850 1559 sunt.
900 1501 1062 1560 Audiamus
1093 1501 1223 1577 primum

199 1603 298 1679 Apoll.
324 1604 413 1680 Dyso.
436 1605 485 1680 (de
507 1624 592 1679 pron.
610 1607 668 1661 105
688 1603 741 1679 B):
766 1601 847 1681 ,τίνζ
870 1603 978 1682 inquit,
1002 1601 1116 1660 τίθεται
1139 1597 1223 1678 παραὶ

202 1705 335 1788 Κορίννη
367 1702 416 1763 καί
450 1697 502 1763 ἐντ’
525 1703 687 1779 αἰτιατικῆς
717 1701 748 1764 ἐν
772 1698 938 1785 Καταίτιίῳ·
971 1699 1029 1784 “oti
1058 1699 1113 1782 γὰρ
1136 1700 1183 1760 τίν
1207 1696 1225 1761 ὁ

198 1800 351 1885 φθονερός
373 1805 510 1881 δαίμων”
541 1808 588 1885 (fr.
615 1813 631 1865 5
656 1808 773 1866 Ahrans
797 1816 814 1865 4
838 1808 978 1884 Ber-gv)
1012 1799 1079 1865 ιἰντί
1101 1809 1156 1865 τοῦ
1179 1804 1222 1876 σε’,

197 1908 248 1970 καί
270 1905 364 1982 σαφὲς
387 1903 427 1978 ω’ς
448 1902 517 1968 κατ’
540 1903 698 1988 ἐναλλαγὴν
720 1904 868 1979 arciacus.
905 1911 997 1969 Porro
1020 1910 1106 1968 Pind.
1132 1911 1222 1986 Pyth.

198 2015 277 2075 VIII
300 2015 338 2072 97
364 2012 438 2093 ,τίν’
462 2033 520 2074 acc.
544 2033 581 2072 ex
604 2015 768 2072 Hermanni
791 2014 939 2074 sententia
971 2013 1020 2090 (de
1043 2012 1110 2070 dial.
1134 2013 1222 2071 Pind.

196 2139 225 2194 p.
246 2119 305 2193 14),
329 2119 387 2177 dat.
410 2120 636 2193 paraphrastae3
660 2116 782 2174 Theocr.
805 2116 889 2193 idyll.
905 2116 1024 2192 Cyclop.
1041 2116 1089 2173 XI
1106 2120 1154 2187 39,
1172 2121 1223 2188 54,

197 2226 237 2280 68
260 2240 335 2291 acc,
367 2220 459 2278 altero
490 2220 556 2278 loco
583 2238 641 2278 aco.
666 2217 756 2277 schol.
779 2227 951 2293 agnoscunt.
996 2218 1164 2276 Archimed.
1192 2219 1224 2275 ΙΙ

197 2328 267 2395 290,
290 2327 340 2382 23.
365 2326 435 2395 294,
459 2326 477 2381 3
505 2323 541 2379 ab
573 2321 734 2396 Heibergio
758 2320 833 2400 ,τίν’
865 2321 1033 2380 restitutum
1061 2327 1222 2400 utrumque

195 2445 249 2500 pro
279 2443 338 2484 acc.
369 2425 459 2483 habet
488 2424 522 2484 G.
556 2425 656 2500 Meyer
687 2425 820 2501 (gramm.
853 2442 947 2499 graec.
971 2444 999 2499 p.
1025 2422 1108 2500 333),
1138 2424 1223 2499 prius

195 2534 294 2586 tamen
317 2526 410 2585 dativi
432 2531 607 2603 potestatem
631 2526 765 2585 obtinere
788 2544 897 2602 negare
926 2546 986 2585 non
1008 2526 1086 2586 lioet.
1101 2559 1142 2570 -
1159 2528 1223 2584 Ex-

197 2630 340 2706 cerptcris
371 2629 540 2705 opinionem
571 2628 622 2707 qni
653 2628 725 2700 σφίν
752 2630 911 2689 accusativi
936 2629 1000 2688 loco
1023 2630 1152 2705 positum
1175 2630 1222 2686 in-

195 2732 291 2790 veniri
314 2731 485 2803 contendit,
516 2730 659 2807 Hesychii
689 2739 804 2791 tantum
835 2731 1005 2792 testimonio
1029 2732 1221 2806 comprobare

195 2854 332 2909 possum:
355 2832 441 2906 σφίν·
466 2824 568 2901 αὐτοῖς
589 2824 610 2909 ἢ
632 2825 741 2903 αὐτούς
763 2826 784 2910 ἢ
806 2827 900 2903 αὖτίς
922 2834 1098 2912 (Schmidtio
1121 2825 1143 2909 ἢ
1165 2814 1221 2890 αὗ-

195 2929 265 3006 τοιίς
287 2938 345 2994 ml.
369 2936 526 3012 suspecta).

282 3060 310 3115 p.
336 3044 385 3113 53,
409 3037 458 3120 6Ι7
479 3040 512 3098 Β.
546 3030 577 3117 ,ὁ
592 3029 668 3116 sicsic
685 3037 875 3118 napsys'varo'
891 3042 949 3113 fict,
966 3040 1003 3100 cf.
1021 3039 1117 3117 Apoll.
1128 3040 1219 3117 Dysc.

196 3144 231 3202 de
254 3149 363 3202 constr.
386 3147 458 3215 306,
480 3147 529 3213 26,
554 3141 604 3220 qui
628 3142 664 3199 ad
687 3141 773 3201 aliam
796 3164 858 3201 rem
881 3144 1136 3202 demonstrandam
1158 3142 1220 3200 for-

196 3245 287 3305 mavit
310 3235 343 3327 ,ὅ
365 3236 530 3323 ἅνθρωπος
553 3239 765 3322 παρεγίνετο’;
789 3246 826 3303 of.
853 3251 1007 3320 praeterea
1030 3245 1160 3304 eiusdem
1184 3248 1220 3304 de

195 3348 261 3407 adv.
286 3351 357 3421 531,
381 3352 430 3405 32.

280 3469 309 3524 p.
336 3454 391 3522 53,
426 3454 474 3507 19.
520 3448 630 3507 Locum
670 3450 713 3509 ita
743 3469 846 3509 sanare
877 3450 993 3522 malim,
1029 3457 1064 3510 ut
1094 3451 1220 3510 scribam

195 3547 417 3628 σννηρτημίνην
448 3547 515 3627 ἕχον
547 3542 708 3628 ὅμιστιιιοῑς
730 3545 858 3629 ῥήμασιν
881 3547 1004 3629 μετοχὴν
1027 3549 1075 3612 ἐπὶ
1099 3550 1218 3612 αἰτιατι·

195 3647 412 3734 adgressionem
435 3648 500 3711 ἀντὶ
523 3645 620 3731 ὀρθῆς
643 3656 680 3714 cf.
703 3655 820 3714 schema
842 3655 1020 3731 proximum.

605 3877 792 3884 ,-.---.
798 3878 807 3882 ..
