2812 4710
200 301 241 360 111
603 335 640 344 --
686 283 727 361 69
772 333 812 343 -

196 492 249 532 esse
275 472 428 532 didicerat.
473 473 562 531 Cuius
595 471 743 549 opinionis
766 471 843 529 hand
860 471 919 530 scio
943 490 979 529 an
1003 471 1098 530 socios
1120 471 1212 530 habu-

195 576 251 649 erit,
274 576 327 654 qui
351 581 401 653 γλ
425 573 582 658 „poeivp”
607 575 739 650 optativo
764 627 778 654 i,
788 573 907 646 φαείνοι
917 572 941 647 ”,
965 594 1051 654 quem
1065 575 1212 633 Ven.456

195 681 265 738 solus
288 679 422 752 exhibet,
444 678 659 755 praeferebant,
683 697 779 758 neque
803 677 900 735 minus
923 677 1060 736 Ixionem
1086 676 1211 735 Aristar·

195 782 308 855 choum,
342 800 429 862 quem
450 799 462 838 ε
485 786 545 840 490
570 773 677 864 „adp”
701 781 854 857 scripsisse
877 780 966 840 schol.
990 780 1030 840 H.
1045 782 1077 838 P.
1102 784 1212 839 testen-

195 892 244 944 tur.
280 884 458 965 Quanquam
481 885 598 944 scholae
620 884 784 961 principem
801 884 845 941 illi
864 884 1014 943 doctrinae
1030 904 1089 942 non
1104 882 1213 942 favisse

193 989 253 1048 inde
276 988 430 1061 concludo,
452 989 530 1066 quod
553 987 635 1046 nullo
660 987 760 1047 Iliadis
782 987 862 1060 loco,
892 1007 950 1066 quo
975 984 1064 1066 ,λ’ναζ
1089 979 1211 1065 ,ὄντωςζ

193 1084 298 1171 ,ὄφρα
322 1111 388 1150 cum
412 1102 472 1167 opt.
495 1090 730 1167 coniunguntur,
764 1090 795 1147 in
827 1089 947 1148 scholiis
978 1089 1134 1168 quicquam
1163 1089 1212 1146 ad·

193 1199 319 1254 notatum
343 1193 443 1253 inveni
467 1212 565 1273 neque
588 1193 793 1266 consentiunt,
822 1211 897 1272 quae
921 1194 956 1250 dc
979 1191 1123 1268 particula
1147 1182 1212 1270 ,ἔν’

192 1306 217 1356 at
238 1293 300 1376 ,ια’
324 1298 355 1354 in
381 1298 510 1355 membro
534 1297 682 1372 pendente
705 1301 846 1372 usurpata
868 1294 1023 1354 constituit
1050 1294 1070 1372 ).

270 1420 298 1476 p.
309 1405 359 1474 49,
372 1400 407 1458 17
419 1403 454 1472 A,
468 1402 506 1457 13
515 1399 549 1458 B.
566 1398 742 1475 Exemplum
755 1401 879 1459 fortasse
892 1397 1063 1474 eperiegesi
1073 1398 1211 1456 haustum

191 1504 221 1561 ab
245 1509 270 1560 A
293 1503 337 1562 ita
359 1502 516 1578 profertur,
546 1508 660 1560 utnon
685 1503 801 1574 habeat,
833 1502 912 1580 quod
936 1500 1044 1559 rationi
1067 1518 1210 1575 gramma-

190 1605 260 1666 ticae
284 1607 398 1665 obstet:
421 1599 647 1684 „conpendiopev
670 1597 725 1662 doio
748 1597 847 1673 πόλεις
870 1603 903 1660 αἳ
919 1604 1078 1662 καλοῦνται
1094 1596 1211 1678 Σηστὸς

191 1704 232 1766 καὶ
242 1701 417 1783 ”Αβυδος”;
436 1713 604 1783 corruptum
621 1707 807 1765 codicibnsB
823 1707 956 1780 traditur,
973 1726 1098 1786 quorum
1110 1706 1211 1766 erche-

191 1817 288 1888 typum
312 1811 487 1887 pronomina
510 1809 617 1868 omisso
641 1810 698 1868 duo
721 1809 837 1886 integra
861 1810 1014 1869 enuntiata
1029 1810 1137 1869 vitiose
1160 1829 1211 1867 ex·

191 1914 317 1973 hibnisse
348 1933 364 1972 e
394 1932 539 1972 consensu
563 1913 586 1970 L
610 1913 634 1970 Ο
658 1919 671 1971 t
694 1912 809 1987 colligo.
861 1912 1038 1972 Receneioni
1063 1917 1089 1969 A
1113 1918 1212 1987 patro·

190 2016 275 2076 cinari
299 2017 439 2076 videntur
460 2016 609 2088 rhetoras,
643 2035 716 2094 quos
738 2014 824 2074 libris
852 2017 887 2074 de
911 2015 1013 2090 figuris
1037 2015 1211 2091 conscriptis

189 2119 270 2180 etiem
302 2118 557 2195 grammaticorum
589 2119 714 2194 placita,
746 2137 821 2197 quae
854 2119 889 2176 ad
919 2118 1208 2197 “inconsequentem

190 2219 371 2282 orationam’'
403 2220 602 2300 pertinerent,
637 2221 803 2281 intexuisse
832 2226 934 2281 notum
965 2225 1017 2279 eet.
1063 2221 1148 2292 Nam,
1178 2226 1212 2280 ut

190 2325 307 2386 Latinos
338 2323 467 2396 mittam,
497 2342 573 2403 quaa
604 2345 626 2383 s.
657 2324 707 2400 fig.
738 2316 890 2393 ἀλλοίωσις
920 2323 1057 2381 Tiberius
1089 2321 1210 2382 Caecilii

188 2428 358 2489 auctoritate
389 2426 451 2504 (Sp.
475 2428 519 2486 rh.
544 2428 592 2487 Gr.
617 2429 665 2485 III
689 2427 751 2502 80),
784 2426 954 2486 Alexander
976 2427 1039 2503 (III
1062 2425 1124 2504 33),
1156 2427 1210 2486 Zo-

189 2550 274 2589 naens
298 2530 360 2607 (111
386 2528 468 2606 168),
499 2551 522 2589 s.
545 2531 632 2589 titulo
659 2525 726 2608 περὶ
750 2529 807 2588 τῶν
829 2531 884 2605 τῆς
907 2526 1065 2608 ἒναλλαγῇς
1087 2523 1207 2606 (σχημά-

189 2635 253 2708 των)
287 2634 508 2692 Phoebammon
540 2633 602 2709 (ΙΙΙ
626 2634 693 2708 49),
727 2655 749 2697 s.
777 2633 866 2692 titulo
900 2628 968 2710 περὶ
999 2633 1210 2709 καινοπρεπῶν

187 2727 339 2812 σχημάτων
363 2735 414 2811 τῆς
435 2739 463 2795 Δ
487 2741 661 2812 Anonymus
684 2737 747 2812 (ΙΙΙ
771 2736 844 2814 149)
868 2737 904 2795 de
926 2737 1047 2796 mutatis
1069 2736 1208 2808 numeris,

186 2838 332 2912 personis,
372 2839 503 2911 casibus,
543 2839 727 2914 temporibus
766 2845 821 2898 etc.
860 2845 1029 2916 exponunt,
1068 2838 1208 2918 pleraque

186 2940 380 3013 grammaticis
402 2949 524 3017 accepta
545 2941 687 3001 referunt.
720 2946 819 3021 Atque
840 2941 884 3000 illi
908 2961 991 3000 casus
1015 2945 1207 3001 commutatos

185 3062 243 3104 esse
266 3043 413 3119 exemplis
435 3051 536 3102 nostro
559 3043 646 3120 plane
669 3042 815 3103 similibus
830 3046 966 3119 probant.
1001 3043 1112 3102 Audias
1128 3043 1206 3101 enim

187 3148 384 3207 Alexandrum
409 3147 470 3222 (111
494 3152 543 3219 34,
569 3149 615 3221 l):
639 3137 778 3215 νττολοεως
801 3141 832 3204 δὲ
856 3139 964 3225 ἀλλαγὴ
987 3142 1037 3203 καὶ
1060 3137 1205 3220 μεταβολή

187 3243 260 3309 οὕτω
284 3247 484 3326 οχηματλζεται
515 3241 595 3328 παραὶ
618 3251 681 3317 τοῖς
703 3250 855 3318 παλαιοῖς·
891 3240 982 3327 ,τούς
1005 3243 1057 3324 μὲν
1080 3234 1135 3306 οὖν
1158 3239 1206 3307 dl·

184 3351 258 3426 λους,
282 3345 349 3411 ὅσοι
372 3345 447 3429 ιτρὸς
469 3345 504 3409 τοὶ
527 3345 615 3409 κοινοὶ
638 3349 760 3420 δικαίως
782 3347 1005 3430 προσέρχονται,
1037 3344 1092 3410 κᾶν
1116 3348 1205 3410 dedor-

184 3447 262 3525 κότες
294 3441 368 3513 οἶσιν
397 3446 543 3524 εὐθύνας,
580 3446 633 3529 τήν
663 3445 810 3533 ἀειλογίαν
841 3446 903 3531 ὁρῶ
934 3450 1204 3531 προτεινομένονς”

184 3557 275 3634 (llam.
297 3553 366 3633 περὶ
387 3554 572 3636 παραπρεοβ.
597 3556 705 3633 initio).
741 3549 800 3614 ἅττὸ
824 3550 879 3636 γολρ
896 3557 947 3631 τῆς
970 3553 1133 3633 αἰτιατικῆς
1155 3553 1204 3615 ἐντὶ

184 3653 231 3734 τήν
253 3652 378 3719 εὐθεῖαν
400 3652 520 3737 ἕτροὶττη.
544 3655 595 3716 καὶ
611 3650 645 3716 ια’
660 3650 811 3737 Ὁμηρικοὶ
829 3711 843 3739 o
851 3660 940 3736 μῆνιν
955 3653 1032 3718 dende
1047 3652 1106 3718 θεολ
1117 3653 1204 3718 odio·

185 3758 269 3838 μένην
292 3756 312 3838 ἢ
334 3761 426 3840 μυρία
434 3761 448 3788 ”
473 3764 514 3842 (Α
532 3758 626 3837 1)ιιαλ
644 3755 732 3820 rosilon
749 3754 866 3842 ιιἄνδρα
883 3783 934 3836 μοι
949 3759 1060 3833 davene,
1078 3763 1202 3836 Μοῦσα,
1244 3791 1246 3795 ’

246 3984 271 4050 2)
290 3986 321 4031 cl.
342 3984 526 4043 Friedlaander‚
544 3983 721 4045 schematolog.
741 3986 817 4033 Arist.
837 4001 861 4045 p.
883 3989 946 4045 9sq.
