2812 4710
158 428 362 505 Cymaeorum,
388 429 469 507 quod
485 447 544 486 rec.
562 434 586 485 A
604 427 723 485 omnino
740 428 884 501 neglexit.
922 429 1076 492 Quomodo
1095 428 1191 501 igitur

160 532 240 589 hsnc
263 531 460 589 differentiam
486 529 722 606 explicabimus?
767 529 854 587 Viam
877 531 1010 588 ostendit
1033 532 1065 588 E.
1083 531 1190 599 Messe,

160 634 212 711 qui
236 643 324 709 putet
339 638 489 691 auctorem
505 631 689 691 recensionis
706 633 728 687 B
752 632 849 690 locum
864 633 907 691 sic
923 641 1096 708 corruptum
1119 637 1190 690 ante

158 737 260 793 oculos
283 735 433 803 habuisse,
465 735 552 792 utin
576 735 677 812 priore
699 734 874 792 recensione
904 754 985 793 nunc
1006 735 1127 808 legitur,
1159 744 1190 793 et

159 839 280 896 nomine
304 832 459 911 Θηβαϊκόν
482 846 602 895 servsto
625 837 756 909 eiecisse,
780 855 856 915 quse
881 837 1033 912 superflue
1055 838 1083 895 si
1105 837 1190 895 vidc-

159 952 273 1011 rentur,
297 941 361 999 sive
384 960 489 1016 perum
512 940 773 1013 intellegerentur.
818 940 903 997 Unde
926 941 1128 1013 colligendum
1151 961 1191 998 ex

160 1044 263 1100 eodem
279 1042 444 1118 exemplari
461 1050 602 1117 corrupto
618 1056 776 1120 utromque
791 1042 996 1100 recensionem
1015 1042 1139 1100 fluxisse
1150 1042 1189 1118 ¹).

245 1147 416 1203 Trsnsimus
432 1147 469 1204 ed
493 1145 582 1203 elium
605 1145 813 1203 recensionum
829 1148 857 1201 A
872 1154 903 1201 et
924 1145 946 1200 B
969 1145 1189 1218 differentiam

159 1267 235 1326 quse
259 1256 374 1326 spectet
394 1249 434 1307 ed
456 1249 618 1321 figurarum
651 1247 795 1307 ordinem.
845 1247 982 1305 Eundem
1010 1249 1189 1326 plerumque

160 1364 279 1408 secutus
301 1369 389 1431 quem
406 1355 442 1421 A,
465 1351 562 1408 noluit
587 1351 609 1405 B
632 1349 748 1426 copiam
770 1350 938 1407 Atticarum
961 1350 1122 1423 figurarum
1146 1352 1190 1409 its

159 1454 323 1528 dispersam
344 1455 479 1530 proferre
495 1464 530 1510 ut
541 1459 578 1524 A,
595 1454 647 1510 scd
664 1453 784 1523 collegit
798 1461 827 1509 et
846 1453 960 1528 primae
976 1453 1090 1526 figurae
1105 1455 1188 1512 Atti-

160 1576 211 1614 cse
235 1557 424 1614 continuerit
439 1576 540 1613 omnes
556 1566 675 1633 praeter
691 1575 788 1625 unam,
813 1574 903 1633 quem
920 1555 984 1613 loco
1000 1576 1120 1614 movere
1136 1559 1190 1615 ob-

159 1659 232 1716 litus
248 1666 294 1717 est
317 1658 358 1735 (p.
375 1664 423 1729 48,
442 1662 484 1731 9).
529 1661 595 1717 Ηοο
618 1659 705 1716 modo
729 1657 819 1715 etiem
842 1659 954 1716 fectum
978 1667 1032 1730 est,
1055 1668 1090 1715 ut
1111 1659 1189 1732 figu-

159 1782 221 1818 ram
254 1765 290 1819 ab
313 1767 339 1818 A
368 1755 435 1817 ἄλλο
465 1763 583 1827 πολλοῖς
613 1757 765 1835 εἰρημένον
793 1760 977 1818 nominstsm
1009 1762 1049 1836 (p.
1068 1765 1116 1832 51,
1134 1765 1188 1839 29)

156 1864 270 1922 deleret
293 1878 321 1921 ct
347 1883 423 1942 quse
446 1865 482 1922 de
498 1862 609 1921 Atticis
631 1870 722 1941 etque
739 1862 867 1921 Doribns
890 1863 921 1919 in
945 1864 1108 1939 archetypo
1132 1866 1189 1921 sub

156 1967 213 2024 hoc
235 1967 326 2024 titulo
349 1968 430 2025 diets
453 1973 547 2036 erunt,
569 1967 601 2024 in
625 1967 685 2024 fine
708 1967 902 2024 collecturum
925 1965 1086 2039 figurarum
1105 1967 1187 2024 Atti·

156 2090 257 2128 corum
289 2069 429 2127 ediceret.
482 2070 591 2149 Itsque
623 2089 688 2128 cum
719 2070 743 2125 B
773 2070 880 2127 seriem
913 2070 1073 2142 genuinam
1105 2080 1188 2129 certo

159 2171 283 2230 consilio
306 2171 479 2231 immutasse
502 2172 692 2251 perspicuum
717 2172 768 2243 sit,
802 2172 834 2229 in
865 2173 978 2231 edendo
1005 2175 1190 2231 Lesboneete

160 2274 295 2332 ordinem
318 2275 502 2333 recensionis
518 2282 544 2332 A
560 2275 752 2333 retinendum
776 2275 880 2351 putavi
895 2273 933 2349 2).
977 2276 1044 2333 Une
1067 2276 1190 2352 quidem

159 2378 255 2450 figure
278 2376 380 2434 Attice
403 2377 585 2436 recensionis
607 2377 631 2435 B
653 2397 713 2434 non
736 2378 840 2446 hebet,
874 2382 921 2436 cui
947 2379 1125 2455 respondeat
1155 2379 1189 2436 in

160 2483 335 2537 recensione
353 2486 395 2536 A:
418 2476 469 2536 καὶ
485 2473 518 2536 td
534 2474 679 2556 ,yssivsov’
696 2476 745 2535 sol
762 2472 921 2559 ‘desistore’
936 2477 985 2537 nol
1004 2474 1189 2560 ,notodvtcur’

160 2575 226 2636 ἀντὶ
256 2582 311 2637 τοῦ
341 2574 501 2657 γνώτωσαν
524 2579 573 2638 καὶ
597 2576 752 2654 βοάτωσαν
775 2577 825 2637 καὶ
848 2585 1024 2639 ποιείτωσαν
1046 2585 1187 2640 τίθενται.

159 2683 218 2741 Sed
239 2685 313 2741 haec
336 2702 353 2740 s
376 2684 484 2742 ceteris
508 2685 596 2759 plane
620 2683 769 2754 dissentit,
797 2703 863 2742 cum
886 2685 922 2741 sd
944 2687 1068 2744 formam
1092 2687 1188 2756 verbi,

159 2786 228 2842 illee
244 2787 281 2843 sd
296 2786 549 2845 constructionem
572 2787 753 2862 pertineant.
777 2794 807 2844 et
830 2786 943 2845 sufficit
960 2788 1036 2846 illud
1059 2788 1188 2859 scheme,

160 2889 240 2966 quod
261 2896 364 2965 aperte
392 2888 606 2964 interpolatum
638 2898 697 2958 est,
729 2891 821 2946 serbo
850 2890 901 2947 hic
931 2908 1188 2948 commemorasse.

230 3080 254 3134 l)
280 3076 391 3121 Reticere
417 3077 475 3120 nolo
501 3074 601 3120 Mssssii
627 3077 761 3120 sententiae
785 3076 868 3120 terere
892 3077 1011 3121 scholium
1037 3077 1068 3121 ab
1094 3079 1189 3123 Areths

161 3160 284 3219 episcopo,
311 3170 336 3204 ut
354 3161 473 3218 suspicor,
497 3161 646 3217 adscriptum
671 3161 701 3204 ad
721 3161 862 3204 Philostrati
882 3160 958 3205 rerba
975 3162 1090 3220 Apollon.
1109 3162 1187 3221 Tysn.

160 3260 183 3304 p.
204 3247 294 3301 130,9
319 3246 356 3291 ed.
376 3246 481 3305 Kayser.
507 3245 590 3290 Turici
611 3248 688 3292 1844:
715 3238 771 3306 ἥιω
798 3243 841 3292 καὶ
866 3244 1035 3309 medice-'ek
1060 3242 1119 3301 τοὺς
1143 3244 1189 3309 μὲν

160 3328 248 3378 ἑαυτοῦ
270 3325 416 3392 &sienim
442 3324 635 3390 exanimae:
668 3327 756 3377 ἑαυτοῦ
782 3326 939 3394 ξυνωμότας]
964 3345 1000 3394 τῳ
1024 3333 1186 3396 πληῖυντικῷ

160 3409 242 3462 ἐνικόν
266 3410 390 3476 ἐπήνεγκε
411 3413 489 3476 {film-
529 3416 602 3464 τοῦτο
621 3413 649 3464 δὲ
668 3411 799 3479 Θηβοῖκέν
817 3430 881 3478 φασι
900 3413 943 3463 καὶ
963 3412 1122 3476 Ηιιδειρικέι,
1147 3408 1189 3464 ‘dn

161 3498 273 3563 συνεχῶς
291 3491 361 3562 uisci
384 3502 478 3562 χρῆται
504 3498 631 3561 Πίνδαρος
652 3499 813 3565 uictumae}
833 3496 901 3549 ἐνικά
927 3498 1051 3563 ἐπιφέρων
1075 3498 1187 3563 ῥήματα,

159 3579 209 3632 οἷον
228 3581 433 3645 1Λακεδαιμόνιοι
447 3586 553 3647 ,πολεμεῖ
564 3577 715 3646 'literalem'
732 3578 787 3634 cisti
805 3584 848 3635 τοῦ
867 3583 1011 3647 πολεμοῦσι.
1047 3584 1091 3633 καὶ
1099 3577 1188 3648 ’Όμη-

160 3684 200 3730 ρος
225 3667 349 3731 ,ιδιοίγετο
374 3666 403 3718 δὲ
430 3665 538 3732 οάρκες”
557 3663 612 3718 α’ντὶ
637 3669 680 3718 τοῦ
706 3669 833 3734 διοίγοντο.
876 3674 1037 3733 (Μοιιιίοιιειιι
1061 3670 1187 3717 Pindarici

159 3754 292 3800 schematis
311 3753 342 3798 sb
361 3755 412 3799 h.l.
426 3755 531 3800 sliensm
550 3770 603 3801 csse
622 3764 686 3802 recte
708 3756 851 3803 observarit
863 3758 980 3817 Kayser.)
1008 3772 1032 3804 v.
1055 3755 1118 3800 infre
1132 3756 1185 3801 vll.

230 3839 254 3897 2)
273 3839 309 3884 Ne
328 3841 410 3894 lstest,
436 3854 497 3897 ques
514 3842 606 3899 figures
624 3856 639 3887 s
658 3844 719 3891 loco,
743 3843 852 3899 quemB
879 3843 913 3887 eis
936 3841 1031 3901 tribuit,
1057 3842 1187 3899 moverim,

159 3923 263 3982 apposui
281 3925 352 3982 signs
370 3925 441 3986 §—§.
