2812 4710
587 265 798 329 -76-
1160 267 1205 326 IV

178 442 452 502 schematibus
473 440 624 512 docuntur,
657 438 859 500 vetustissima
879 439 1006 514 vestigia
1036 440 1113 515 apud
1135 440 1206 497 Ari-

179 546 326 606 starchum
350 543 620 620 deprehenduntnr.

273 642 469 724 1)Ἰβυ’κειον
490 646 596 720 σχῆμα.

330 752 358 807 Ε
380 757 415 808 4:
438 745 504 808 δαῖέ
526 746 557 807 οἱ
577 747 609 808 ε’κ
632 742 768 828 κόρυθός
783 769 812 806 τε
827 745 877 806 καί
893 741 1021 818 α’σπίᾶος
1044 743 1205 823 άκάματον

1089 854 1161 928 νῦν,

441 946 542 1029 ἀστέρ’
565 946 706 1035 όπωρινῷ
729 951 904 1032 ε’ναλίγκιον,
928 948 963 1022 ός
984 974 1014 1011 τε
1037 948 1163 1028 μάλιστα

440 1050 576 1134 λαμπρόν
604 1056 796 1139 παμφαίνῃσι
829 1053 1002 1130 λελουμένος
1034 1049 1205 1115 Ὠκεανοῖο.

264 1162 451 1219 Aristonicus
473 1160 563 1222 schol.
587 1165 612 1217 A
636 1181 664 1219 v.
688 1167 724 1219 6:
754 1159 959 1242 παμφαίνῃσι]
990 1153 1036 1217 ότι
1060 1151 1125 1218 άντί
1151 1161 1208 1218 τοῦ

179 1262 348 1344 παμφαίνρ.
372 1255 520 1332 πλεονάζει
541 1257 572 1319 δὲ
588 1254 710 1336 Ἴβυκος
731 1263 772 1340 τῷ
795 1255 931 1343 τοιούτῳ.

332 1365 363 1420 Χ
384 1370 441 1423 21:
1025 1358 1163 1441 ἐβεβήκει

441 1461 603 1543 σευάμενος
639 1461 680 1536 σ’ίς
716 1462 752 1525 θ’
789 1466 885 1536 ἵππος
921 1460 1112 1545 άεθλοφόρος
1149 1463 1208 1525 συν

1027 1564 1161 1646 όχεσφιν,

440 1665 473 1741 ός
495 1668 534 1748 (ici
555 1693 584 1730 τε
606 1671 671 1749 (iric
693 1672 782 1758 θέῃσι
805 1669 1006 1750 τιταινόμενος
1028 1673 1153 1733 πεδίοιο.

265 1775 450 1834 Aristonicus
466 1777 595 1835 schol.A
612 1799 639 1839 v.
657 1783 714 1836 23:
737 1771 784 1836 ότι
807 1832 822 1857 ιχ
832 1775 939 1860 θέῃσιν
948 1777 963 1804 ”
981 1770 1045 1835 άντὶ
1062 1779 1116 1835 τοῦ
1132 1774 1204 1862 θὲῃ.

185 1869 334 1948 πλεονάζει
358 1873 390 1935 δὲ
411 1879 452 1959 τῷ
475 1872 601 1960 τοιούτῳ
624 1873 749 1955 σχήματι
763 1873 886 1957 Ἴβυκος
899 1884 935 1957 1).

274 1980 306 2051 2)
326 1974 523 2055 Ἀλκμοντκόν
545 1983 650 2058 σχῆμα.

328 2089 357 2161 a)
382 2085 410 2140 E
433 2083 509 2144 773:
536 2075 602 2141 ἀλλ’
624 2077 673 2142 its
696 2077 733 2160 δή
750 2084 859 2164 Τροίην
882 2078 945 2158 ἷξον
964 2079 1088 2162 ποταμοί
1105 2107 1133 2144 τε
1158 2085 1206 2163 ῥί-

1082 2207 1159 2256 οντε,

475 2298 477 2301 ’
535 2277 583 2372 ᾗχι
606 2282 680 2367 ῥοάς
696 2284 818 2365 Σιμόεις
833 2285 1030 2366 συμβάλλετον
1053 2283 1106 2366 ἠδὲ
1122 2287 1206 2349 Σκά-

1018 2392 1158 2472 μανὸρος.

262 2494 394 2553 Ariston.
412 2495 503 2554 schol.
519 2499 544 2551 A
560 2516 589 2554 v.
607 2495 684 2555 774:
708 2488 753 2553 ὅτι
776 2489 808 2552 τό
833 2489 900 2551 κατ’
927 2489 1104 2573 άμφοτὲρων
1120 2495 1204 2572 βῆμα

177 2589 286 2670 μεταξό
308 2595 367 2654 τῶν
389 2588 546 2672 όνομάτων
567 2593 689 2673 τέταχεν.
720 2595 779 2656 ἔδει
810 2592 866 2676 γάρ
899 2585 959 2679 ιᾗχι
981 2593 1056 2675 βοάς
1078 2593 1205 2674 Σιμόεις

177 2696 227 2757 καί
250 2697 447 2777 Σκάμανδρος
470 2694 692 2776 συμβάλλετον’.
716 2694 811 2781 τούτῳ
835 2696 867 2759 δὲ
883 2703 923 2781 τῷ
939 2698 1001 2758 ἔθει
1018 2696 1203 2761 πεπλεόνακε

178 2799 229 2860 καί
251 2793 384 2877 Ἀλκμάν.
418 2795 465 2860 διό
497 2799 545 2860 καί
576 2805 703 2860 καλεῖται
724 2794 927 2879 Ἀλκμανικόν,
957 2797 1010 2880 οόχ
1042 2797 1088 2863 ότι
1110 2799 1204 2874 οὗτός

178 2892 283 2984 [οὗτος
313 2904 531 2977 Friedlaendcr,
562 2896 642 2986 αὐτῷ
666 2904 766 2984 Horn]
799 2907 916 2983 πρῶτος
946 2902 1099 2984 ἐχρήσατο,
1131 2903 1198 2966 ἀλλ’

177 3001 221 3066 ὅτι
244 3008 284 3088 τῷ
305 3000 430 3086 τοιούτῳ
447 3005 512 3066 ἔθει
534 3001 743 3067 πεπλεόνακεν.

325 3111 356 3188 b)
383 3113 409 3168 T
432 3116 506 3173 138:
529 3109 556 3170 εἰ
569 3107 601 3170 δέ
623 3107 653 3171 κ’
672 3105 766 3191 ’Ἀρης
782 3105 893 3191 άρχωσι
909 3107 1003 3189 μάχης
1018 3109 1068 3172 καὶ
1084 3114 1201 3190 Φοῖβος

986 3210 1155 3276 Ἀπόλλων.

263 3317 392 3376 Ariston.
417 3317 507 3377 schol.
532 3322 574 3376 A:
598 3311 644 3376 ότι
669 3312 838 3393 Ζηνόδοτος
861 3313 969 3396 γράφει
985 3312 1149 3401 χάρχῃσιῆ
1184 3314 1202 3379 ό

177 3410 363 3496 δὲ”Ομηρος
392 3412 424 3477 τό
456 3411 526 3478 κατ’
555 3411 733 3497 άμφοτίροτν
764 3419 824 3478 τῶν
856 3413 1010 3496 ὀνομάτων
1042 3418 1202 3497 τιθέμενον

246 3618 269 3686 1)
288 3623 429 3670 Notandum
447 3629 485 3670 cst
502 3625 671 3672 Aristarchum
689 3641 704 3672 a
722 3625 874 3673 Lcsbouacta
892 3641 921 3673 eo
940 3626 1046 3684 differre,
1071 3627 1137 3686 quod
1156 3629 1200 3675 illc

175 3723 224 3756 nou
241 3709 425 3756 coniunctivum
443 3724 488 3769 pro
507 3711 641 3759 indicativo
665 3712 697 3757 ab
716 3712 824 3758 Homero
843 3711 958 3771 positum,
984 3713 1028 3760 scd
1045 3713 1200 3760 coniunctivi

175 3795 278 3841 formam
303 3795 440 3856 regularem
467 3797 567 3858 syllaba
592 3794 618 3848 ὀῐ
643 3802 743 3845 auctam
769 3812 823 3845 essa
850 3798 922 3845 docct
947 3799 987 3862 (ci.
1007 3799 1199 3847 Friadlacndcr:

174 3881 380 3942 schcmatologiac
404 3883 539 3931 Aristarch.
568 3900 590 3944 p.
611 3888 649 3942 10,
670 3882 703 3949 1).
745 3884 792 3931 Scd
819 3885 879 3931 hacc
906 3884 1070 3944 discrepantia
1094 3886 1200 3933 debetur

174 3966 276 4016 fortasse
293 3969 424 4018 recentiori
442 3971 615 4020 Aristarchcac
633 3971 758 4020 doctrinae
776 3972 957 4034 depravationi,
