2812 4710
586 291 624 304 -
671 258 711 322 72
757 293 794 303 -
1147 259 1197 317 III

260 452 289 509 p.
314 437 361 504 51,
390 429 489 512 12113.
534 423 586 500 τάς
616 426 841 509 συναμφοτέρας
871 422 985 504 φανάς.
1029 430 1197 491 Articulum

175 542 242 594 anto
266 527 447 610 αἰμφότερος,
471 536 587 610 saepius
611 543 679 594 ante
702 527 926 611 συναμφότερος
942 534 1071 594 inveniri
1087 539 1199 593 testan-

175 644 223 697 tur
244 639 363 713 Kriigar
385 636 401 715 ᾖ
427 642 474 710 50,
502 642 549 710 11,
574 641 631 711 25;
656 637 781 696 Ktihncr
804 635 819 714 ἓ
844 643 915 708 465,
940 641 965 695 8.

260 762 288 817 p.
313 745 363 813 51,
382 746 418 799 18
436 733 614 799 α’ναιιύπτειε
638 743 812 816 metaphora
827 761 887 799 non
903 759 920 797 a
938 745 1039 799 nostro
1056 739 1201 815 scriptore

176 844 351 919 excogitata,
369 844 404 904 cf.
419 844 518 920 Apoll.
532 845 621 921 Dysc.
638 845 674 902 de
689 851 796 903 constr.
809 849 858 916 68,
874 848 919 903 12.
939 844 1007 915 177,
1018 848 1046 902 6.
1064 843 1135 916 287,
1152 847 1199 904 14.

262 967 289 1021 p.
315 951 363 1019 51,
378 927 426 1004 29
440 953 474 1005 Α.
520 947 630 1021 Figura
660 966 694 1004 oo
725 946 868 1019 consistit,
899 947 977 1025 quod
1007 948 1129 1004 verbum
1163 946 1201 1002 ab

175 1049 241 1107 aliis
264 1069 328 1108 cum
352 1049 417 1108 aliis
440 1051 562 1121 casibus,
587 1055 675 1128 atque
698 1069 792 1108 sermo
815 1048 946 1124 vulgaris
968 1049 1107 1125 postulat,
1130 1069 1200 1107 con-

177 1152 308 1210 struitur.
347 1151 456 1210 Eadem
480 1152 558 1211 enim
580 1155 671 1212 verba
694 1154 730 1210 ab
753 1151 861 1211 Atticis
884 1171 949 1210 cum
973 1150 1082 1224 dativo,
1105 1152 1203 1209 aDo-

176 1254 258 1311 ribus
281 1274 346 1312 cum
370 1256 508 1329 genetivo
539 1261 642 1314 contra
664 1276 748 1314 usum
771 1255 909 1330 coniungi
933 1253 1076 1312 audimus.
1120 1255 1203 1313 Hinc

177 1357 311 1435 sequitur
341 1378 398 1417 non
431 1358 566 1417 sufficere
598 1350 671 1414 ὅταν
702 1350 735 1415 td
768 1354 847 1434 ῥῆμα
881 1348 1079 1431 συντάσσηται
1101 1348 1205 1426 ἄλλοις

177 1452 330 1530 πταίσασιν,
355 1461 404 1519 ssd
427 1461 590 1519 addendum
615 1480 678 1519 asse
701 1451 759 1517 ὑπ’
783 1451 886 1522 ditor.

262 1582 290 1637 p.
316 1567 364 1640 52,
387 1559 436 1643 517
460 1565 497 1621 Δ.
542 1563 648 1620 Parum
672 1567 805 1622 accurate
838 1563 947 1622 dictum
970 1562 1088 1621 catilla
1111 1565 1205 1621 verba

178 1666 214 1723 ab
236 1665 345 1727 atticis
366 1666 558 1745 frequentari.
599 1666 683 1738 Nam,
706 1667 785 1744 quod
807 1665 943 1737 diximus,
967 1666 1078 1724 nonde
1101 1667 1203 1724 verbis

178 1767 284 1842 agitur,
303 1787 379 1848 quas
393 1768 487 1828 Attici
504 1788 569 1826 cum
586 1767 651 1826 aliis
668 1768 783 1827 casibus
799 1772 959 1828 conectunt
973 1774 1062 1846 atque
1079 1767 1203 1845 quibus·

179 1889 243 1928 cum
267 1870 355 1946 vulgo
379 1871 607 1945 coniunguntur,
631 1872 680 1929 sed
704 1871 739 1929 do
756 1870 863 1942 verbis,
888 1890 963 1948 quae
987 1872 1023 1928 ab
1039 1869 1149 1929 Atticis
1173 1876 1205 1929 st

178 1971 307 2031 Doribus
337 1973 452 2032 diverse
488 1980 576 2053 atque
609 1980 712 2033 contra
742 1992 851 2031 morem
883 1973 996 2030 dicendi
1029 1972 1204 2049 popularem

178 2081 319 2151 usurpata
349 2075 460 2134 affatim
493 2084 658 2136 occurrunt.
709 2075 806 2138 Quare
840 2075 969 2150 genuina
1000 2093 1063 2133 esse
1095 2094 1202 2134 censeo

181 2173 242 2236 ἐστι
264 2172 297 2236 δέ
319 2163 520 2251 πλεονάζοντα
538 2171 615 2257 παρ’
629 2171 770 2247 Ἀττικοῖς
793 2172 841 2235 καὶ
867 2179 1039 2257 Δωριεῦσιν.
1076 2168 1205 2236 Ἀττικοὶ

180 2272 235 2359 γάρ
260 2279 393 2351 detonsio
415 2275 629 2340 συντάσσουσιν
652 2274 805 2340 πτάσεσιν.

265 2404 293 2460 p.
305 2388 353 2457 52,
372 2380 473 2465 10112.
515 2378 589 2462 άπερ
606 2385 659 2463 (sc.
676 2376 803 2461 ῥήματα)
819 2386 880 2453 τοῖς
891 2377 1039 2452 Ἀττικοῖς
1055 2379 1104 2442 ε’πὶ
1126 2382 1206 2443 δοτι-

181 2487 236 2562 κῆς
258 2480 390 2563 συνήθη,
413 2488 504 2544 ταῦτα
527 2483 575 2545 ἐπὶ
591 2479 710 2565 γενικήν
725 2479 884 2566 μετάγουσι
900 2485 1021 2563 (Dones)
1041 2506 1102 2545 non
1117 2487 1206 2547 aliter

179 2591 368 2666 interpretari
399 2591 469 2652 licet
499 2591 555 2649 nisi
582 2593 639 2664 ita,
670 2599 703 2650 ut
725 2593 817 2650 verba
838 2596 941 2650 notata
963 2592 999 2648 ab
1024 2591 1132 2650 Atticis
1155 2593 1206 2649 da-

181 2693 243 2753 tivo
275 2713 343 2753 casu
373 2694 497 2770 proferri
523 2695 616 2765 dicas,
648 2694 677 2751 id
708 2696 785 2774 quod
818 2713 988 2770 perversum
1012 2698 1065 2752 est.
1110 2695 1207 2770 Supra

181 2795 229 2873 (ad
252 2801 343 2872 p.39‚
363 2793 453 2876 15116
469 2796 508 2874 Α)
533 2798 824 2857 commemoravimus
845 2799 937 2857 verba
958 2797 990 2856 vi
1014 2797 1203 2856 construendi

181 2899 314 2975 praedita
334 2899 418 2960 velut
440 2895 592 2979 ἐπιφέρειν
615 2892 734 2978 ἐπάγειν
756 2899 1007 2975 praepositionem
1026 2895 1080 2957 ἐπί
1102 2918 1127 2957 c.
1143 2918 1204 2958 ace.

182 3002 367 3061 coniunctam
390 3022 488 3064 secum
510 3004 629 3062 habere.
668 3005 774 3082 Itaque
798 3001 918 3078 δοτικῆς
940 3005 971 3061 in
995 2994 1119 3078 δοτικήν
1141 3022 1207 3059 mu-

182 3105 302 3163 tandum
325 3125 389 3165 esse
412 3113 493 3182 puto,
516 3127 580 3165 cum
600 3126 616 3165 e
636 3107 829 3186 sequentibus
843 3107 968 3165 verbnm
984 3098 1103 3183 ἐπάγειν
1117 3105 1206 3163 facile

183 3208 237 3268 tibi
260 3209 398 3286 suppleas
428 3217 458 3269 et
485 3230 546 3269 vox
568 3203 706 3286 συνήθης
727 3209 787 3268 illis
810 3209 964 3268 adiectivis
987 3208 1208 3266 adnumeranda

183 3311 229 3382 sit,
254 3330 379 3388 quorum
402 3312 581 3372 mentionem
604 3314 639 3371 ad
662 3334 690 3388 p.
716 3317 765 3386 50,
789 3308 838 3391 516
861 3311 994 3370 fecimus.

269 3433 298 3489 p.
322 3418 372 3492 52,
394 3415 461 3474 4Β.
492 3411 666 3485 αἰτιατικαῖς
688 3417 719 3473 in
743 3417 871 3492 γενικαῑς
886 3415 992 3472 mutari
1009 3412 1207 3471 necessarium

184 3522 237 3589 est,
261 3517 401 3595 quoniam
423 3518 605 3578 accusativos
628 3519 664 3576 ad
686 3517 739 3575 illa
753 3518 844 3576 verba
859 3518 964 3575 afferre
981 3515 1125 3575 sermonis
1142 3516 1208 3574 vul-

185 3617 263 3693 garis
286 3622 339 3678 cst.
845 3678 852 3699 „

270 3741 299 3797 p.
324 3725 372 3795 52,
396 3724 459 3782 eb.
504 3723 551 3782 Ad
575 3713 630 3780 α’π’
649 3718 781 3791 ἐναντίας
804 3724 841 3782 cf.
859 3723 977 3797 Kriiger
992 3725 1007 3795 §
1023 3727 1073 3796 43,
1091 3727 1119 3798 3,
1136 3727 1153 3780 8
1179 3730 1209 3781 et

187 3823 264 3883 Plut.
296 3819 328 3882 ἐκ
360 3825 419 3883 τῶν
448 3820 489 3893 εἰς
511 3815 629 3884 Ἥσίοδ.
661 3815 813 3900 άπαμνημ.
858 3826 933 3884 9B:
952 3817 1153 3903 Ἀρίστιππος
1177 3818 1209 3881 δὲ

189 3920 244 3983 ἀπ’
272 3923 407 3996 ἐναντίας
429 3918 447 3986 o‘
469 3921 663 4006 Σωκρατικός
685 3924 771 4007 ἐλεγε.

274 4050 302 4107 p.
328 4035 377 4105 52,
403 4034 451 4090 18.
488 4031 599 4107 Figura
620 4029 738 4091 Rhodia
760 4032 920 4107 depravata
941 4035 995 4090 est.
1026 4031 1116 4092 Velut
1138 4031 1209 4089 hae-
