2812 4710
597 282 808 348 -92-
1181 287 1210 348 V

275 457 476 516 Herodianum
490 457 517 535 ¹)
555 477 612 516 non
645 457 838 521 Lesbonactis
868 458 1000 517 libellum
1033 458 1212 535 expilavisse

189 559 287 620 statim
319 566 449 637 apparet.
502 562 586 620 Adeo
619 560 795 620 Lesbonacti
832 565 962 636 praestat
991 560 1076 637 copia
1112 579 1212 620 rerum

187 662 361 741 plerumque
384 662 620 743 exquisitarum,
651 668 684 722 ut
715 682 752 722 nc
775 663 935 738 genuinum
959 663 1077 742 quidem
1100 663 1212 723 Lesbo-

189 765 283 825 nactis
299 765 471 842 opusculum
487 767 559 826 haec
575 767 674 825 omnia
695 766 865 842 praebuisse
892 765 1033 842 suspicari
1056 765 1212 841 possimus.

188 870 294 947 Neque
316 869 496 928 contrarium
519 869 654 929 evenisse
676 871 759 928 duco.
804 869 879 927 Nam
906 888 1065 927 consensus
1088 867 1213 926 nonita

189 972 288 1046 gravis
310 976 362 1044 est,
387 977 421 1030 ut
443 971 657 1031 Lesbonactem
680 971 842 1030 Herodiani
865 970 997 1030 libellum
1019 975 1088 1030 ante
1111 970 1212 1030 oculos

188 1075 327 1135 habuisse
350 1075 486 1134 arbitrari
510 1094 655 1150 cogamur.
680 1075 719 1134 ut
741 1076 819 1153 quod
841 1074 873 1132 in
889 1075 1045 1133 Pindarico
1061 1075 1212 1134 schemate

189 1177 316 1236 maxime
338 1197 500 1254 congruere
522 1178 669 1251 videntur,
701 1177 852 1252 vulgarem
875 1196 969 1250 usum,
1000 1197 1038 1236 ex
1061 1197 1120 1257 quo
1144 1176 1212 1236 sub-

189 1280 326 1342 stantivis
348 1280 512 1358 pluralibus
534 1282 668 1340 neutrius
687 1282 803 1357 generis
825 1282 974 1356 singulare
996 1283 1118 1342 verbum
1142 1301 1213 1340 con·

189 1383 336 1458 iungitur,
375 1404 392 1443 a
423 1405 503 1443 more
527 1385 692 1456 Pindarico,
723 1385 773 1464 qui
803 1384 971 1444 nominibus
1001 1383 1153 1445 femininis
1183 1388 1215 1443 et

188 1485 358 1546 masculinis
388 1487 537 1563 singulare
565 1489 687 1547 verbum
719 1489 860 1562 conectit,
891 1488 1034 1548 deducere
1064 1486 1158 1547 cuivis
1181 1487 1212 1545 in

189 1594 328 1665 promptu
344 1594 414 1649 erat.
437 1590 554 1649 Testem
570 1590 664 1649 habeo
677 1591 775 1666 Apoll.
790 1590 889 1668 Dysc,
907 1591 957 1670 qui
975 1590 994 1650 l.
1005 1590 1023 1648 l.
1044 1591 1092 1667 (de
1104 1594 1213 1652 constr.

189 1712 217 1768 p.
242 1698 302 1751 223
326 1693 399 1769 fin),
426 1713 490 1752 cum
514 1694 615 1751 miram
643 1694 724 1752 illam
748 1694 989 1752 consuetudinem
1013 1697 1213 1768 perscrutare·

189 1803 251 1869 tur,
284 1815 359 1875 quae
389 1795 559 1854 nominibus
582 1796 745 1872 pluralibus
775 1795 928 1854 masculini
952 1801 982 1854 et
1004 1794 1139 1854 feminini
1163 1815 1213 1869 ge-

190 1898 270 1958 neris
285 1898 410 1974 pluralia
424 1900 524 1970 verba,
552 1899 744 1958 substantivis
760 1898 922 1974 pluralibus
940 1888 1074 1957 neutrius
1096 1896 1214 1973 generis

191 2000 352 2076 singularia
374 2004 483 2078 apponi
506 2003 603 2074 iubet,
636 2003 743 2061 diserte
766 2022 817 2062 eos
838 2001 974 2060 reiecisse
996 2001 1131 2073 videtur,
1162 2001 1213 2080 qui

189 2124 274 2163 usum
304 2105 455 2179 vulgarem
487 2125 525 2164 ex
548 2106 668 2165 Pindari
700 2106 749 2165 vel
772 2105 948 2164 Boeotorum
978 2104 1072 2178 figura
1097 2111 1214 2179 repete·

190 2214 274 2267 rent:
296 2203 367 2267 odat
389 2202 445 2287 yde
469 2205 564 2268 ἐκεῖνο
587 2202 620 2266 rd
644 2201 760 2284 ἄκορον
783 2198 892 2266 ἐπιλύει
916 2198 958 2275 oie
974 2199 1120 2265 Βοιώτιόν
1135 2203 1215 2265 ἐστιν

191 2307 264 2378 ἔθος
286 2304 390 2386 ὅμοιον
412 2313 452 2392 τῷ
474 2304 556 2389 παρὰ
575 2304 719 2392 Πινδάρῳ
741 2367 755 2391 a
763 2301 873 2386 ἄχεῖται
889 2304 999 2386 μελέων
1015 2302 1071 2367 cdv
1088 2300 1189 2377 αὐλοῖς
1199 2306 1213 2329 ”

191 2413 238 2492 (fr.
262 2417 301 2472 45
332 2414 400 2473 Boe.
425 2415 464 2474 75
498 2437 526 2475 v.
553 2421 592 2474 20
626 2414 749 2491 ng.⁴).
802 2413 962 2473 Notissima
999 2418 1098 2472 autem
1130 2418 1215 2472 erant

193 2518 330 2594 exempla
353 2517 533 2579 Hesiodeum
552 2519 738 2593 Theog.,32l
754 2517 782 2596 ¹)
807 2523 838 2576 ct
860 2517 1049 2576 Homericum
1064 2517 1088 2572 Β
1104 2521 1162 2574 135
1174 2513 1212 2592 3).

263 2772 287 2834 1)
306 2775 374 2822 Haec
392 2775 440 2821 tria
457 2775 581 2822 schemata
593 2775 749 2822 Herodianus
767 2788 796 2821 ex
816 2774 916 2834 optimis
928 2773 1038 2820 tontibus
1052 2772 1212 2831 deprompsit.

191 2861 254 2906 Nam
272 2860 381 2921 Ibyclam
398 2861 510 2920 figuram,
537 2874 676 2920 quanquam
701 2859 775 2907 etiam
794 2853 936 2918 συντάξεως
953 2858 1051 2915 dicitur,
1075 2864 1158 2906 mmen
1176 2873 1214 2905 re·

192 2960 252 2993 vera
269 2945 366 2993 adiecta
384 2950 479 2992 tautum
496 2946 583 2994 tertiae
602 2947 750 2994 coniunctivi
769 2959 888 3006 personae
907 2945 1005 3005 syllaba
1023 2958 1048 2994 σι
1065 2945 1123 2991 oriri
1139 2945 1215 2991 refert

191 3037 216 3079 et
233 3032 341 3079 illustrat
359 3032 471 3091 exemplo
489 3073 502 3094 u
513 3027 640 3097 ἐγείρῃσιν
649 3031 661 3053 ”
678 3026 734 3082 clari
751 3029 795 3082 τοῦ
815 3026 908 3096 ἐγείρῃ.
939 3032 1008 3090 Quae
1021 3031 1143 3078 sententia
1155 3045 1212 3076 con·

191 3117 257 3176 gruit
281 3132 336 3165 cum
362 3118 529 3177 Aristarchea‚
560 3131 633 3177 qnam
658 3119 791 3166 Lesbonax
818 3119 932 3178 neglexit.
968 3117 1049 3164 Etiam
1067 3118 1092 3162 in
1111 3131 1140 3163 eo
1159 3116 1213 3162 Ari·

191 3203 282 3250 starchi
300 3203 407 3262 vestigia
424 3217 535 3262 premere
552 3203 660 3262 videtur,
685 3205 750 3264 quod
776 3205 914 3264 exemplum
941 3218 969 3250 ex
987 3203 1115 3249 Alcmanis
1132 3203 1211 3248 altero

190 3289 298 3336 carmine
323 3295 447 3349 sumptum
464 3289 544 3335 addit:
571 3291 617 3337 hoc
641 3290 705 3337 enim
729 3291 834 3337 occurrit
858 3291 883 3335 in
907 3289 1113 3344 senodochia,
1141 3287 1212 3333 Pind.

191 3376 263 3436 Pyth.
283 3375 318 3421 IV
337 3376 395 3432 31⁸,
413 3389 475 3434 qnae
493 3390 523 3422 ex
541 3375 706 3423 Aristarcheis
727 3376 797 3423 libris
814 3389 927 3423 manasse
945 3380 1018 3422 antea
1035 3373 1069 3437 (p.
1091 3371 1134 3435 ⁷7)
1152 3373 1212 3419 dlxi·

191 3474 254 3509 mus.
289 3461 402 3520 Denique
428 3460 517 3508 eximia
535 3467 599 3519 sunt,
625 3475 688 3520 quae
710 3462 736 3508 in
758 3463 836 3508 altera
853 3460 976 3508 Pindarici
993 3459 1124 3508 schematis
1143 3463 1213 3520 parte

191 3551 362 3609 exponuntur3
379 3547 441 3594 haec
459 3545 591 3593 Lesbonax
609 3547 759 3595 obscuravit.

258 3635 287 3681 In
313 3633 413 3692 reliquis
438 3632 525 3693 figuris
549 3632 717 3680 Herodianum
744 3639 854 3680 secutum
872 3645 927 3681 esse
944 3633 1079 3678 Alexandri
1097 3631 1213 3678 Numenii

190 3719 375 3777 auctoritatem,
398 3719 466 3767 cuius
493 3714 551 3781 περὶ
578 3713 717 3784 σχημάτων
741 3719 887 3779 opusculum
912 3718 1064 3765 decurtatum
1091 3722 1212 3777 tenemus,

190 3807 274 3853 docuit
292 3805 465 3863 Wilamowita‚
484 3804 568 3865 Antig.
589 3803 685 3865 Caryst
703 3818 727 3864 p.
748 3807 789 3863 52,
808 3805 864 3852 adn.
884 3807 923 3852 12.

259 3891 285 3954 2)
304 3892 335 3937 cf.
352 3891 473 3952 Wilpert:
492 3891 523 3938 de
541 3891 659 3938 schemat.
676 3890 747 3938 Pind.
768 3895 814 3938 etc.
833 3906 856 3950 p.
876 3893 907 3938 36
927 3906 964 3950 sq.

260 3979 285 4038 ³)
303 3977 334 4026 ci.
354 3991 429 4040 supra
447 3992 470 4041 p.
491 3978 523 4024 58
542 3981 566 4024 et
583 3977 668 4040 Apoll.
686 3977 761 4040 Dysc.
780 3977 811 4024 de
829 3982 918 4025 constr.
938 3991 962 4037 p.
982 3978 1040 4034 224,
1059 3979 1100 4025 28.
