2812 4710
610 304 645 312 --
693 268 733 330 28
778 302 820 312 -·
1193 271 1230 339 Ι,

198 439 238 516 (p.
263 445 312 513 48,
339 442 370 519 9)
402 443 439 500 ab
466 460 524 500 rec.
548 443 570 498 Β
601 442 733 501 nondum
766 460 833 499 cum
861 439 986 519 reliquis
1018 428 1130 499 Atticis
1161 461 1230 500 con-

198 543 332 603 iunctum
358 544 409 622 (cf.
432 566 460 622 p.
485 546 516 620 4)
539 545 604 605 loco
627 553 764 604 moveret
794 542 962 622 ceterisque
992 543 1133 614 adiceret,
1166 544 1229 602 cod.

200 651 299 706 autem
322 668 341 724 p
365 651 396 706 ct
419 655 431 704 t
452 648 578 722 figuram
601 646 685 706 illam
707 648 849 706 intactam
871 647 938 704 loco
962 666 1015 705 suo
1038 646 1171 705 tradunt.

291 750 402 809 Contra
424 751 440 807 t
460 769 496 808 ex
519 755 626 809 neutro
649 751 756 808 borum
778 771 846 810 mss.
870 749 902 826 (p
923 749 947 822 t)
976 748 1121 822 manavit,
1151 751 1231 828 quod

200 871 417 930 nonnunquam
440 853 635 931 archetypum
657 851 776 911 fidelius
800 851 963 929 exprimit:

438 955 449 998 t
795 960 830 1013 pt

197 1055 213 1099 p
232 1042 272 1096 54,
285 1042 314 1085 11
336 1032 391 1088 α’ντὶ
409 1036 452 1087 τοῦ
471 1033 577 1087 ἐλθόντα
727 1034 843 1094 ἐλθόντος

200 1127 301 1185 p.50‚5
336 1118 383 1180 τὰς
400 1118 509 1178 δεούσας
726 1117 772 1179 τὰς
790 1121 871 1185 δέμας

199 1225 222 1269 p.
236 1213 275 1267 12,
287 1212 317 1256 27
338 1207 407 1271 λέγον
727 1201 799 1271 λόγον

199 1333 295 1393 neque
326 1313 424 1372 scriba
454 1313 468 1370 f
496 1311 676 1371 coniecturis
705 1311 839 1370 indulsit.
893 1313 969 1369 Nam
1001 1311 1026 1370 si
1049 1334 1122 1372 vero
1146 1319 1226 1373 recte

200 1419 390 1476 observasset
419 1435 435 1473 e
467 1414 579 1488 figurae
616 1415 682 1488 lege
719 1407 863 1491 “talleis’'
898 1414 1029 1492 positum
1067 1437 1132 1474 osse
1165 1409 1228 1472 dori

200 1519 254 1575 τοῦ
278 1510 416 1587 ἐλθόντα,
448 1517 537 1594 paulo
567 1521 635 1592 post
664 1517 701 1574 de
723 1516 849 1576 Homeri
879 1517 944 1575 loco
972 1519 996 1572 Z
1021 1523 1098 1575 510:
1131 1515 1180 1574 καὶ
1202 1519 1227 1574 ὸ’

201 1610 346 1697 οἷγλαΐηφν
368 1612 526 1686 πεποιθώς
548 1616 644 1692 ῥίμφα
667 1614 681 1676 ἕ
702 1619 795 1695 γοῦνα
819 1616 900 1694 φέρει
932 1597 1032 1678 dicere
1056 1640 1116 1678 non
1140 1621 1227 1679 debe-

198 1725 250 1782 bat
273 1715 476 1804 “armoricis”
503 1715 569 1778 ἀντὶ
592 1723 646 1778 τοῦ
669 1714 856 1788 πεποιθότας
878 1728 1055 1798 usurpatum
1079 1742 1143 1780 esse
1167 1722 1227 1797 (πε-

204 1816 352 1891 ποιθότος
375 1832 388 1882 t
410 1816 578 1881 πεποιθότα
601 1824 643 1900 p).

287 1942 392 2008 Qualis
413 1943 508 2018 igitur
523 1943 600 2003 ratio
623 1943 702 2001 inter
724 1964 743 2020 p
767 1949 797 2002 st
819 1949 833 2002 t
853 1941 1037 2002 intercedit?
1082 1946 1140 2002 Eos
1165 1965 1227 2003 arc·

200 2044 279 2103 tiore
302 2045 423 2105 vinculo
446 2046 621 2106 coniunctos
643 2065 708 2105 esse
730 2051 854 2105 monent
876 2046 935 2104 duo
958 2045 1035 2104 vitia
1058 2046 1227 2122 conspicua,

200 2168 276 2228 quas
298 2147 330 2205 in
354 2148 534 2207 conferendo
557 2149 571 2205 f
591 2168 656 2207 cum
681 2153 725 2225 pt
748 2148 907 2224 postremis
929 2149 1003 2207 locis
1032 2150 1118 2207 modo
1151 2170 1227 2208 com-

198 2250 440 2310 memoravimus.
486 2252 543 2310 Sed
565 2256 706 2311 neutrum
730 2273 768 2311 ex
794 2252 890 2311 altero
913 2250 1038 2309 fluxisse
1061 2252 1226 2328 probabile.

199 2353 360 2413 Nonnullis
393 2353 472 2412 enim
505 2355 576 2412 locis
607 2359 620 2412 t
652 2353 883 2430 praestantiores
914 2353 1060 2412 lectiones
1094 2357 1227 2428 praebet,

199 2474 275 2534 quae
298 2457 413 2516 scribae
436 2455 557 2530 ingenio
581 2456 704 2515 minime
729 2459 889 2526 debentur3
919 2477 986 2514 nam
1017 2457 1098 2514 huno
1129 2477 1226 2516 socor-

199 2560 265 2618 dem
281 2563 371 2637 atque
387 2559 607 2618 somnolentum
629 2558 779 2617 hominem
796 2557 903 2633 ingens
919 2558 1063 2618 vitiorum
1086 2579 1226 2618 numerus

199 2661 307 2721 clamat
330 2666 359 2719 et
383 2664 478 2720 bonae
500 2661 571 2720 illae
595 2661 761 2738 scripturae
792 2681 893 2721 omnes
921 2662 1011 2719 etiam
1033 2660 1065 2719 in
1089 2662 1105 2719 f
1125 2681 1225 2721 occur-

198 2770 280 2836 runt,
303 2765 382 2822 unde
405 2765 603 2840 archetypum
627 2783 677 2821 eos
701 2763 875 2822 exhibuisse
899 2762 1045 2842 seqnitur.

200 2867 255 2924 His
278 2866 353 2925 locis
397 2884 478 2930 tetf
603 2870 756 2942 praestant
778 2867 871 2925 codici
894 2897 924 2942 p:
981 2930 984 2935 y

199 2975 298 3031 pene
334 2971 494 3035 λοιδοροῦμεν
726 2971 887 3035 λοιδορεῦμαι

198 3072 221 3117 p.
232 3061 315 3116 42519
334 3060 386 3113 τοῖς
405 3049 614 3118 συντασσομένοις
726 3061 778 3113 τοῖς
796 3055 998 3119 συντασσόμενος

198 3146 298 3203 p.48‚2
335 3140 371 3207 τῷ
392 3138 435 3205 μὲν
453 3139 533 3205 κυρίῳ
726 3142 776 3191 τῶν
794 3138 838 3204 μὲν
857 3141 936 3207 κυρίῳ

199 3230 300 3287 ocae
336 3221 480 3292 ’Δργολικόν
725 3219 902 3290 Ἀργολογικὸν

198 3329 221 3374 p.
235 3315 275 3372 53,
289 3315 319 3360 18
338 3314 437 3362 κλεῖσαι
726 3310 820 3362 aleton)

198 3414 222 3459 p.
234 3402 273 3455 12,
285 3401 316 3446 13
335 3391 373 3448 ἐπ’
393 3394 487 3448 ἐκείνου
726 3391 764 3447 ἐπ’
784 3395 893 3454 ἐκείνους

284 3503 393 3561 Peiora
419 3503 524 3562 insunt
551 3502 583 3560 in
615 3510 628 3561 t
655 3504 730 3562 haec
761 3504 850 3581 (quae
875 3502 983 3578 purtim
1014 3503 1045 3561 in
1068 3504 1084 3560 f
1110 3523 1228 3584 quoqne

196 3605 409 3683 inveniuntur)
419 3627 426 3664 ο

443 3713 453 3754 t

217 3794 241 3850 1)
259 3806 284 3851 p.
297 3794 337 3849 33,
356 3797 366 3839 1
405 3786 595 3854 σολοικοφώνων
690 3791 692 3795 '
728 3723 913 3856 σολοιῖοφανῶν

216 3876 241 3937 2)
260 3893 284 3939 p.
300 3880 339 3933 34,
355 3881 383 3924 11
404 3872 466 3926 αὐτὰ
488 3875 532 3928 καὶ
727 3871 806 3933 αὐτὸς

216 3965 242 4025 3)
262 3965 339 4026 p.34,
355 3965 385 4010 13
405 3961 513 4026 εἴδωμεν
727 3961 825 4025 εἴδομεν
