2812 4710
597 1304 628 1371 Ι.

98 1496 159 1571 ΒΕ
178 1494 373 1571 LIBELLO
396 1500 728 1567 ruxsscNAK'roE
745 1501 845 1567 ΠΕΡΙ
867 1501 1121 1568 ΣΧΗΜΑἸῺΝ

452 1631 762 1709 RECENSENDO.

190 1842 397 1936 Lesbonoctie
428 1869 494 1948 περὶ
526 1866 681 1949 σχημάτων
710 1874 846 1933 libellum
876 1877 1033 1952 postquam
1056 1874 1125 1932 Vel-

99 1976 257 2035 ckenoriue
280 1996 347 2034 cum
362 1975 521 2035 Ammonio
546 1981 615 2035 ente
638 1978 693 2035 hoe
710 1976 776 2033 OLI
796 1994 889 2033 anuos
908 1977 1004 2050 Lugd.
1021 1976 1124 2036 Batou.

99 2079 202 2150 edidit,
226 2099 312 2137 nemo
331 2079 432 2138 dedite
454 2098 544 2153 opere
567 2077 716 2149 tractavit,
739 2097 825 2136 nemo
848 2078 963 2136 mendis
987 2080 1124 2137 obrutum

98 2186 190 2260 etque
213 2181 346 2240 tenebris
363 2181 576 2241 circumfusum
592 2181 749 2239 emendare
772 2185 825 2239 aut
845 2180 999 2239 illustrare
1018 2179 1125 2240 voluit.
1149 2222 1152 2226 .

99 2284 175 2341 Nem
199 2284 351 2342 Scheeferi
383 2283 476 2342 editio
506 2282 639 2360 (Lipsiae
671 2303 695 2341 a.
721 2282 815 2358 1822)
846 2302 1016 2362 quanquam
1047 2302 1126 2342 nove

99 2385 260 2444 correctior
275 2384 394 2457 dicitur,
419 2385 607 2444 Valckenurii
624 2386 776 2461 exemplar
798 2384 936 2445 omnibus
959 2405 1025 2444 cum
1041 2383 1125 2444 vitiie

99 2487 250 2563 repetivit,
273 2488 331 2546 duo
350 2493 465 2547 tentum
481 2490 575 2548 verbo
590 2489 733 2547 mutando
751 2487 870 2548 notovit
881 2488 920 2563 1).
965 2487 1126 2562 Scriptorie

99 2590 208 2648 deiude
237 2589 411 2648 memorium
443 2590 729 2665 redintegraverunt
757 2592 913 2650 Anecdote
943 2590 1128 2650 Oxouienoie

100 2692 272 2752 eOremero
296 2695 493 2768 promulgato,
517 2714 642 2773 quorum
665 2695 726 2755 vol.
742 2695 786 2753 IV
803 2694 862 2751 270
887 2714 903 2752 e
926 2693 1027 2752 codice
1050 2693 1125 2751 Bod-

99 2794 199 2852 leiano
222 2815 244 2852 s.
271 2795 328 2852 XV
352 2796 465 2870 publici
496 2795 569 2876 iuris
599 2797 769 2856 factasunt
799 2787 880 2870 ἄνθη
904 2792 954 2852 καὶ
980 2787 1126 2853 (incidenter

99 2889 176 2954 notui
199 2890 409 2970 Λεσβώνακτα,
442 2899 493 2956 sed
521 2917 559 2957 ne
589 2899 637 2957 hie
668 2898 789 2977 quidem
812 2898 970 2956 Lesbonex
998 2898 1125 2956 multum

99 3001 196 3059 debet.
252 3001 329 3058 Nem
360 3000 416 3058 etei
447 3021 540 3058 uuum
570 3001 728 3060 didicimus
761 3000 916 3079 scriptorio
949 3000 1125 3078 opusculum

100 3101 171 3161 olim
195 3103 282 3178 pluro
298 3104 486 3180 complexum
510 3123 574 3162 eree
598 3124 684 3182 quem
709 3101 898 3162 Valckenarii
922 3103 1017 3161 codex
1038 3121 1124 3176 proe-

98 3208 202 3275 bebet,
236 3211 334 3263 temen
358 3205 583 3283 corruptissimo
605 3212 635 3265 et
657 3205 746 3264 nimis
769 3206 925 3264 decurtato
947 3204 1123 3263 offeruntur.

99 3305 182 3370 Quae
211 3327 277 3366 cum
306 3308 349 3366 ita
378 3309 447 3381 sint,
479 3311 515 3381 ei,
546 3309 597 3388 qui
628 3308 843 3367 Lesboncctem
875 3309 1064 3368 emendatum
1095 3316 1125 3367 et

100 3409 284 3486 explicatum
307 3413 419 3471 hebere
441 3412 533 3487 volet,
564 3417 644 3470 totus
667 3412 752 3471 labor
773 3412 836 3470 fere
862 3414 899 3471 ob
930 3411 1046 3483 integro
1077 3409 1123 3467 in·

99 3512 256 3587 cipiendus
281 3513 345 3571 erit.

170 3773 195 3829 1)
222 3769 251 3814 111
269 3770 308 3827 fig.
328 3771 379 3816 Att.
399 3784 423 3827 p.
445 3772 491 3816 183
511 3770 597 3815 Velok.
618 3763 636 3830 η’
656 3765 699 3830 μὲν
717 3763 766 3830 γάρ
791 3763 845 3815 ἐστι
868 3760 1042 3828 προσηγορική
1069 3780 1124 3824 pro·

98 3855 181 3914 posuit
198 3849 355 3915 προηγορική
375 3852 409 3916 (ν.
423 3868 446 3912 p.
460 3857 502 3912 41,
520 3851 574 3918 10);
593 3855 618 3899 iu
636 3854 676 3911 fig,
691 3855 750 3899 Dor.
764 3868 786 3912 p.
802 3856 847 3900 187
868 3851 916 3913 τῆς
934 3841 1016 3911 αὐτῆς
1036 3846 1122 3899 συντά-

99 3940 163 4000 ξεως
181 3936 409 4004 χρεοκοπουμένηςτ
429 3935 655 4004 χρεωκοπουμένης
673 3938 705 4001 (ν.
727 3954 751 3997 p.
770 3942 811 3997 ol,
832 3936 881 3999 22).

900 4028 913 4081 l
