2812 4710
103 441 191 505 Quod
215 439 309 514 igitur
335 441 446 515 figuras
469 441 585 500 Atticas
615 441 797 500 recensionis
822 442 843 497 B
872 441 951 499 infre
980 440 1124 499 divellere

103 543 264 615 constitui,
301 545 381 601 houd
418 543 527 602 inutile
564 544 704 603 existimo
741 545 799 603 hoc
836 544 902 603 loco
933 549 1123 619 conspectum

103 667 206 706 earum
228 666 406 722 proponere.

189 742 361 806 Ἀττικόν
378 745 435 806 ἐστι
451 740 483 805 τά
500 741 566 806 άντί
588 750 704 826 γενικῆς
720 751 756 830 τῇ
771 736 875 829 εὐθείᾳ
897 749 1037 824 χρῆσθαι,
1060 739 1125 806 οἷον

102 846 182 928 αδύο
205 844 354 921 σκόπελοι,
379 843 396 907 τί
419 844 469 923 μὲν
489 844 619 926 οὐρανόν
642 843 756 908 ίκάνει”
779 853 812 927 (μ
830 853 881 927 73)
904 845 968 907 άντὶ
991 851 1043 908 τοῦ
1066 850 1124 907 τῶν

103 948 159 1014 δύο
183 950 343 1023 σκοπέλων,
371 948 421 1010 καί
443 1003 460 1030 u
471 950 634 1028 Νεστορίδα
665 945 691 1009 δ’
711 945 729 1010 τί
752 948 804 1028 μὲν
827 946 926 1011 oiitco’
947 945 1123 1028 Ἀτάμνιον”

102 1060 153 1134 (Π
174 1058 257 1132 317),
280 1048 345 1112 άντὶ
368 1057 420 1113 τοῦ
443 1057 501 1112 τῶν
520 1055 719 1133 Νεστοριδῶν,
743 1053 790 1112 καί
813 1050 899 1113 πάλιν
921 1049 1076 1133 ί(ἐλθόντες
1099 1046 1124 1111 δ’

101 1154 211 1234 ἠβαιὸν
235 1150 295 1216 άπό
319 1156 440 1224 σπείους
463 1159 625 1235 γλαφυροῖο
645 1159 763 1231 πρῶτος
784 1150 834 1215 ὕπ’
850 1152 972 1232 άρνειοῦ
994 1152 1123 1233 λυόμην”
1151 1165 1167 1217 5

101 1267 124 1338 (ι
149 1260 222 1335 462)
247 1256 312 1316 άντί
335 1261 388 1317 τοῦ
411 1256 561 1317 ἐλθόντων
584 1255 615 1317 δὲ
638 1253 731 1334 ἡμῶν.
763 1263 821 1318 τῶν
838 1255 865 1317 δ’
880 1257 978 1319 αὐτῶν
995 1258 1054 1319 ἔστι
1073 1258 1122 1318 καί

101 1357 134 1421 τά
159 1358 223 1422 άντί
246 1362 377 1439 πλαγίων
400 1355 563 1431 συντάξεων
582 1358 692 1440 ὀρθοῖς
714 1366 851 1438 χρῆσθαι,
875 1355 939 1421 οἷον
961 1355 1122 1441 αἉλκιβιά-

101 1467 157 1540 δης
172 1460 283 1539 ὀφθείς
298 1460 484 1542 άνὲστρεψαν
500 1458 752 1540 Λυκεδαιμόνιοι”
775 1462 840 1523 ἀντὶ
864 1468 917 1524 τοῦ
933 1458 1123 1540 Ἀλκιβιάδου

98 1564 259 1643 ὀφθέντος.

191 1668 247 1729 Καὶ
273 1666 305 1729 τά
331 1663 503 1728 συντάσσειν
525 1674 587 1738 τοῖς
618 1663 827 1740 άποτακτικοῖς
858 1671 973 1747 μορίοις
1003 1665 1122 1729 εὐκτικά
1152 1681 1189 1733 lo

101 1768 246 1853 ῥήματά·
275 1770 348 1848 φασὶ
371 1767 427 1852 γάρ
450 1766 668 1847 γίνοθάσαιεά
690 1772 740 1831 καί
763 1773 824 1854 ιἵνα
847 1767 1025 1850 ποιήσαιεν’.
1072 1772 1121 1833 καί

100 1873 236 1953 ΓΌμηρος
255 1874 322 1954 ι[ίνα
340 1871 381 1951 μή
396 1880 493 1934 ποθεν
509 1868 631 1933 άλλοθεν
644 1870 729 1934 αὕοι”
753 1878 778 1954 (ε
794 1879 868 1953 490)
892 1874 941 1935 καὶ
958 1870 1046 1935 πάλιν
1068 1871 1123 1959 ί(ἵν’

98 1974 277 2038 ἀθανάτοισι
300 1975 434 2051 φαείνοι”
457 1979 485 2055 (γ
509 1979 549 2055 2).

188 2078 247 2138 Καὶ
270 2075 302 2139 τά
326 2075 485 2159 ιγνόντωω
502 2077 552 2138 καί
575 2075 745 2158 γβοτόντωω
762 2080 811 2140 καὶ
835 2077 1032 2163 ίποιοάντων’
1055 2078 1122 2140 ἀντὶ

100 2187 154 2243 τοῦ
179 2177 336 2262 γνώτωσαν
359 2181 407 2241 καί
431 2176 587 2258 βοάτωσαν
610 2181 659 2241 καί
682 2186 864 2243 ποιείτωσαν.
1151 2193 1186 2245 15

187 2283 247 2344 Καὶ
270 2280 302 2345 τά
326 2284 482 2362 μέμφομαι
504 2283 554 2344 καὶ
578 2282 709 2358 ὀνειδίζω
735 2284 784 2345 καὶ
817 2285 923 2365 ε’νογλῶ
945 2285 996 2346 καί
1025 2288 1120 2347 λοιδο-

97 2391 205 2468 ροῦμαι
230 2389 334 2472 δοτικῇ
356 2382 578 2448 συντάσσουσιν.

189 2490 227 2551 Oi
248 2487 279 2550 δὲ
302 2495 427 2567 Δωριεῖς
457 2485 674 2566 ἐναντιούμενοι
705 2485 805 2562 αάτοῑς
835 2490 1008 2563 αίτιυτικαῑς
1030 2497 1121 2551 ταῦτα

98 2587 296 2653 συντάσσουσι
318 2590 489 2673 ,μέμφομαί
504 2592 548 2652 σε’
571 2592 709 2673 λέγοντες.

185 2696 354 2773 Σημείωσαι
377 2692 408 2755 δὲ
432 2691 476 2755 ὅτι
500 2690 532 2754 τά
556 2698 725 2768 σολοικίζειν
747 2691 901 2769 άττικίζειν
924 2696 1031 2775 ε’στίῑ).
1149 2710 1186 2759 21)

183 2823 226 2877 st
245 2838 304 2877 non
330 2820 425 2877 solnm
439 2817 540 2878 Attice
555 2819 712 2891 schemata,
736 2838 842 2878 verum
862 2820 952 2878 ctiam
968 2815 1121 2895 Θηβαϊκόν

96 2921 196 2997 (nobis
212 2920 296 2990 XVI,
313 2921 443 2979 Cumano
461 2922 642 2997 oppositum)
659 2927 689 2980 et
703 2914 874 2998 Ἀργολικόν
891 2923 1025 3000 (XXXI)
1048 2925 1079 2982 in
1096 2927 1118 2981 Β

97 3023 158 3083 alio
173 3023 238 3081 loco
255 3023 304 3099 (cf.
322 3043 350 3097 p.
367 3027 417 3095 48,
434 3024 486 3099 21)
503 3029 593 3102 atque
608 3025 640 3082 in
657 3028 683 3082 A
699 3023 796 3101 posita
812 3022 989 3083 invenimus.
1028 3025 1120 3099 Quae,

98 3124 240 3203 quonism
259 3125 292 3184 in
308 3125 419 3184 Atticis
442 3125 625 3185 recensionis
641 3130 668 3184 A
693 3126 827 3185 ordinem
851 3127 999 3186 tenuimus
1023 3148 1120 3208 neque

95 3228 161 3285 ullo
173 3247 206 3286 re
222 3228 411 3300 discernitur,
427 3236 495 3287 utra
512 3229 644 3288 recensio
661 3232 735 3288 haec
750 3228 861 3287 rectius
877 3229 1013 3289 ordinate
1028 3232 1119 3289 trodi-

96 3328 184 3400 derit,
201 3331 363 3389 secundum
378 3335 472 3389 recA
485 3331 685 3406 disponemus.
709 3333 816 3410 Itaque
828 3331 1030 3407 postfigurem
1040 3334 1119 3393 Atti-

96 3433 567 3504 corum‚Ionum,Ohslcidensium
578 3435 674 3510 (p.43)
682 3435 770 3492 talem
779 3434 1119 3494 scriemconstituemus:

333 3555 360 3608 A
606 3551 608 3605 !
861 3554 884 3609 Β

239 3690 279 3697 -
325 3689 364 3697 -
408 3689 450 3698 —
664 3657 679 3731 ξ
709 3656 842 3729 Κυμαῖον

142 3750 310 3832 Θηβαϊκόν·
333 3753 351 3837 (.
364 3806 370 3819 ,
382 3752 400 3837 .)
417 3754 476 3814 ἔστι
497 3751 528 3813 δὲ
544 3754 592 3813 καί
665 3751 825 3830 Θηβαϊκόυ.
849 3756 865 3832 ξ

165 3965 190 4019 1)
208 3962 247 4006 Ad
265 3967 373 4007 extremo
389 3962 420 4007 cf.
440 3977 462 4019 p.
483 3965 523 4008 86.
