2812 4710
110 278 154 337 VI
507 311 549 320 —
594 272 656 342 105
698 309 740 320 -

110 420 208 509 tradit.
254 451 280 507 Ε
301 469 359 529 quo
377 450 589 508 sententiarum
609 447 777 507 discrimine
795 451 859 508 orta
873 447 1013 508 videntur
1028 444 1135 524 esse¹)‚

113 571 187 633 quae
212 536 390 628 Agresphon
412 553 658 629 homonymorum
684 551 803 630 quidam
827 549 953 626 scriptor
968 549 1046 625 apud
1055 548 1135 607 Suid.

114 677 137 714 s.
152 677 180 715 v.
199 647 407 722 Ἀπολλώνιος
430 650 527 732 ἕτερος
549 655 635 712 docet
653 652 777 711 alterum
793 652 985 728 Apollonium
1000 651 1136 729 Tyaneu-

114 778 172 816 sem
195 758 406 834 philosophum
429 755 581 816 Hadriano
607 755 772 831 imperante
794 753 968 832 (Ill—38)
990 753 1136 813 floruisse.

112 860 311 937 Epistularum
331 859 424 934 igitur
447 864 596 918 auctorem
618 858 704 916 binas
725 857 841 916 litteras
857 857 1034 916 Lesbonaoti
1050 857 1136 914 aLu-

113 964 194 1022 oiano
216 963 335 1020 laudato
362 961 521 1037 inscriptas
543 960 682 1033 voluisse,
714 960 870 1019 dummodo
893 959 1069 1036 Apollonius
1091 977 1137 1017 re-

112 1086 181 1126 vera
203 1085 298 1144 usque
322 1065 357 1122 ad
380 1064 525 1122 Hadriani
550 1083 654 1123 aevum
677 1063 768 1124 vitam
792 1063 964 1138 provexerit
979 1063 1028 1123 vel
1042 1063 1068 1120 is
1085 1061 1137 1140 qui

112 1169 260 1245 sophistae
290 1168 399 1244 scripta
421 1167 473 1225 illa
495 1166 684 1242 supposuisse
706 1165 850 1236 creditur,
882 1165 951 1225 huic
972 1167 1137 1225 sententiae

111 1271 225 1341 faverit,
248 1270 386 1328 arbitrari
407 1289 572 1346 possumus.
615 1268 667 1326 Sin
692 1268 867 1344 Apollonius
894 1268 931 1326 iis
952 1269 1136 1344 temporibus

110 1373 247 1449 viguerit,
268 1373 376 1450 quibus
390 1373 588 1430 Philostratus
604 1391 670 1429 eum
686 1371 816 1445 viguisse
833 1377 942 1444 narrat,
961 1371 1011 1431 vel
1026 1377 1136 1442 auctor,

112 1477 245 1556 quisquis
267 1476 333 1548 fuit,
357 1475 549 1551 epistularum
572 1475 628 1532 hoc
650 1475 810 1550 putaverit,
841 1474 1055 1534 Lesbonactem
1078 1479 1136 1534 ter-

110 1580 183 1638 tium
205 1579 271 1656 (seu
286 1577 437 1657 quartum)
458 1576 553 1653 primo
570 1596 644 1636 saec.
661 1597 690 1653 p.
708 1578 774 1637 (lhr.
792 1598 821 1636 n.
844 1577 994 1636 exstitisse
1017 1596 1135 1636 sumen-

112 1683 178 1740 dum
202 1687 255 1741 est.
304 1679 481 1758 Quanquam
504 1681 579 1738 hano
602 1680 888 1754 argumentationem
912 1680 1055 1739 lubricam
1071 1699 1135 1739 esse

111 1785 142 1842 in
165 1784 272 1843 dubiae
294 1783 364 1841 fidei
386 1789 505 1842 auctore
529 1783 682 1843 confiteor.

197 1886 275 1951 unic
298 1886 390 1961 igitur
411 1906 450 1945 ex
472 1887 527 1958 his,
551 1906 626 1966 quae
649 1888 790 1960 disserui,
812 1888 848 1945 ad
871 1890 1020 1945 auctorem
1043 1885 1137 1944 libelli

111 1991 146 2049 de
168 1990 272 2065 figuris
294 1988 455 2064 conscripti
478 1989 645 2049 redundat?
687 1990 779 2062 Nihil,
811 1990 835 2047 si
860 2008 965 2049 revera
987 1994 1055 2065 post
1076 1990 1138 2048 He·

110 2093 262 2151 rodianum
287 2127 325 2134 -
349 2092 427 2150 haud
449 2092 538 2168 paulo
561 2098 628 2167 post
649 2094 774 2152 fortasse
797 2126 838 2136 —
862 2091 1034 2167 opusculum
1059 2112 1137 2151 com·

109 2195 210 2271 posuit
234 2195 285 2272 (cf.
308 2214 337 2270 p.
365 2193 436 2271 100)
467 2213 564 2273 neque
590 2214 607 2252 a
629 2194 811 2254 Lesbonacte
834 2194 983 2254 Lucianeo
1005 2195 1139 2270 sophista

110 2297 192 2357 ouius
223 2295 381 2356 scholiasta
409 2296 589 2355 mentionem
620 2298 691 2357 facit
723 2298 836 2369 differt;
870 2299 950 2357 hunc
980 2304 1079 2357 tamen
1111 2298 1135 2356 si

109 2421 127 2458 a
159 2400 306 2476 prioribus
352 2399 516 2458 seiunctum
555 2400 668 2459 incerto
703 2402 791 2477 plane
823 2401 950 2477 tempori
983 2400 1136 2474 attribuas,

109 2503 242 2562 libellum
265 2505 397 2559 nostrum
421 2501 547 2561 edidisse
566 2505 697 2578 cogitare
711 2503 789 2562 licet.
814 2504 919 2582 Neque
935 2504 1014 2561 enim
1031 2504 1137 2575 obstat,

111 2607 188 2684 quod
219 2605 369 2662 rhetorum
403 2605 500 2663 ordini
522 2606 689 2679 ascribitur,
721 2627 795 2679 cum,
827 2607 878 2686 qui
909 2606 1075 2667 rhetoricae
1107 2612 1138 2667 et

110 2707 317 2783 grammaticae
349 2708 406 2766 arti
439 2708 526 2766 simul
557 2709 648 2768 dediti
677 2709 804 2782 fuerint,
838 2709 1031 2770 inveniantur
1052 2708 1137 2770 velut

110 2811 315 2871 Aristodemus
337 2813 488 2889 Nysaeus,
519 2814 543 2871 Ι.
566 2812 692 2884 Pollux,
726 2814 915 2891 Phrynichus
941 2813 991 2890 (cf.
1014 2814 1135 2872 Rohde:

111 2913 222 2988 griech.
244 2914 359 2973 Roman
382 2933 411 2989 p.
429 2913 512 2993 328).

181 3139 206 3195 1)
225 3136 256 3184 of.
274 3137 364 3196 Zella,
381 3135 474 3184 Philos.
494 3137 538 3183 der
556 3135 703 3184 Griechsu⁸
722 3137 792 3184 1112
810 3152 835 3197 p.
855 3140 913 3197 149,
933 3143 955 3186 l.
