2812 4710
187 272 224 350 12
599 278 815 342 -27-

186 450 351 528 exscripto.
396 450 495 510 Etiam
512 471 546 510 eo
570 448 679 510 oodiois
696 450 719 506 F
735 450 897 509 auotoritas
920 451 1114 509 oonfirmatur
1136 451 1216 529 quod

186 552 221 610 in
246 553 367 612 Pindari
391 557 427 612 fr.
452 547 583 634 “dripere
600 548 631 611 δὲ
653 547 777 631 σάρκες”
802 556 842 628 (p.
860 556 909 625 45,
927 554 958 624 2)
981 551 1160 630 partieulam
1183 547 1214 609 δέ

186 656 315 716 exhibet
330 658 451 735 quamP
467 661 498 714 et
507 657 601 715 reo.B
617 658 791 716 omiserunt.
816 656 891 713 Nam
908 655 1064 715 invenitur
1073 655 1106 713 in
1123 655 1215 715 sohel.

188 759 334 818 Philostr.
360 760 457 836 Apoll.
474 758 568 837 Tyan.
591 780 620 834 p.
643 764 711 832 130,
736 765 753 816 9
777 761 819 834 (p.
835 762 893 816 198
909 758 958 832 K.)
982 777 1020 816 ex
1042 755 1215 817 reeensione

187 863 216 919 A
239 862 346 920 hausto
370 862 449 940 quod
464 863 604 934 Arethae,
628 860 852 938 arehiepisoopo
869 859 1060 920 caesareensi
1081 857 1215 918 tribuan-

187 963 261 1022 dum
285 983 350 1023 esse
372 969 445 1041 puto
468 964 509 1041 (v.
532 965 613 1023 infra
630 964 710 1041 VII).
756 964 842 1022 Unde
866 962 1003 1042 sequitur
1025 963 1049 1019 F
1072 981 1132 1020 non
1155 982 1171 1020 e
1191 963 1214 1018 P

188 1065 359 1126 derivatum
383 1087 456 1125 esse.

275 1174 303 1228 2.
338 1170 561 1250 Nonnunquam
601 1170 624 1226 P
671 1167 825 1228 meliorem
869 1167 1048 1245 seripturam
1094 1167 1218 1227 exhibet
1266 1222 1269 1228 ,

338 1292 428 1352 quam
450 1273 491 1332 F:

427 1375 448 1420 P
784 1374 804 1418 F

185 1457 211 1519 a)
230 1473 254 1518 p.
265 1460 330 1515 35‚3
361 1452 523 1522 ἀντίστροφον
553 1472 607 1504 corr
638 1472 667 1505 ex
715 1449 881 1521 ἀντίστροφος

357 1538 523 1608 ἀντίστροφος

186 1629 212 1692 b)
232 1632 309 1688 plo,
321 1632 372 1693 18„
380 1616 542 1693 κασιγνήτοιο
565 1621 651 1691 φόνοιο
659 1626 672 1647 ”
716 1629 755 1677 bis
774 1644 822 1677 ser.

359 1708 415 1765 οἷντὶ
432 1714 475 1764 τοῦ

186 1806 210 1860 c)
229 1816 253 1861 p.
264 1803 306 1858 42,
317 1803 348 1847 19
358 1795 437 1862 η’μεῑς
455 1798 557 1863 λέγομεν
716 1793 790 1863 ὑμεῖς
808 1797 908 1862 λέγεται

187 1887 212 1947 d)
232 1888 329 1946 p.43‚1
359 1882 498 1940 Χαλκιδεῖς
514 1883 535 1935 οἱ
548 1881 572 1934 ἐν
590 1877 690 1950 Εὐβοίᾳ
716 1900 756 1932 om
775 1881 799 1934 ἐν

187 1973 210 2034 e)
229 1988 253 2033 p.
265 1971 334 2028 43,5
360 1966 474 2032 Μυρίνης
491 1967 625 2033 (Μυρίναν)
717 1968 848 2033 Μυραίνης
865 1967 1000 2033 (Marivm)

187 2059 207 2119 f)
226 2059 302 2117 μον,
315 2059 344 2103 10
359 2051 547 2117 Περιηγητικόν
716 2053 761 2104 καὶ
778 2054 900 2120 (superfl.)
919 2050 1108 2117 Περιηγητικόν

188 2143 212 2207 g)
233 2159 256 2203 p.
268 2143 308 2198 53,
322 2142 351 2188 16
361 2137 483 2195 Σικελίας
717 2137 870 2196 Σικελεσῑας

190 2227 216 2290 h)
234 2215 378 2289 perat*
717 2216 735 2288 ἦ

276 2311 385 2372 Omnia
406 2311 469 2370 fere
493 2314 597 2371 eodF
621 2313 698 2372 vitia
719 2333 778 2372 non
801 2312 845 2371 ita
866 2311 1004 2372 difficilia
1027 2317 1096 2370 sunt
1118 2333 1217 2370 emen-

192 2420 263 2476 datu
288 2452 326 2458 -—-
351 2433 460 2473 revera
482 2415 654 2475 emendavit
670 2415 807 2476 Lasoaris
829 2415 861 2491 b)
883 2412 911 2489 e)
932 2414 963 2489 g)
989 2450 1026 2456 -
1051 2419 1086 2473 ut
1108 2413 1218 2474 aodieis

191 2521 214 2577 P
236 2523 389 2578 auctorem
412 2536 447 2574 ea
463 2515 629 2577 eorrexisse
647 2517 772 2592 eogitari
789 2517 893 2595 possit.
940 2517 1044 2597 Neque
1066 2515 1145 2576 illud
1167 2512 1218 2574 καὶ

192 2620 333 2698 aprobis
358 2619 381 2675 F
405 2617 562 2696 seripturis
592 2619 689 2697 primo
718 2622 784 2680 loeo
812 2625 948 2678 notatum
979 2621 1087 2679 obstat
1142 2620 1218 2679 Nam

192 2724 270 2804 quod
292 2743 309 2780 a
331 2722 355 2779 P
377 2723 452 2780 liaeo
474 2740 535 2780 vox
558 2721 675 2795 omissa,
706 2722 738 2781 in
760 2724 785 2780 F
808 2730 908 2780 autem
934 2725 970 2781 ab
994 2723 1097 2780 eadem
1127 2742 1219 2780 manu

192 2831 295 2904 postea
325 2822 425 2882 addita
454 2831 508 2893 est,
539 2823 636 2901 primo
667 2836 827 2899 eonspaotu
858 2824 973 2885 eodioes
1004 2845 1075 2883 sune
1099 2844 1115 2883 e
1140 2843 1218 2882 oom-

192 2928 274 2988 muni
297 2927 473 3003 arohetypo,
496 2925 547 3004 qui
563 2946 636 2986 voce
659 2922 708 2982 aul
733 2930 861 2999 oarebat,
883 2926 1013 2986 derivati
1028 2924 1128 2986 videri
1151 2945 1218 3000 pos-

194 3038 271 3091 sunt.
317 3028 429 3087 Tamen
452 3027 609 3108 quaerenti
632 3027 706 3086 mihi
728 3030 929 3088 Hausrathius
952 3027 1109 3104 respondit
1131 3046 1218 3088 voea-

195 3134 296 3193 bnlum
328 3127 378 3189 nai
407 3129 452 3189 ita
481 3129 615 3189 additum
648 3151 726 3203 esse,
759 3137 794 3191 ut
821 3130 909 3191 facile
941 3131 1081 3190 lectorem
1113 3129 1217 3204 fugiat.

195 3233 337 3300 Quaestio
369 3233 478 3307 igitur,
510 3253 582 3292 num
615 3232 746 3291 Parisini
778 3233 875 3293 sariba
905 3234 1116 3294 Florentinum
1148 3238 1218 3292 ante

194 3339 294 3397 oeulos
317 3334 466 3407 habuerit,
489 3336 579 3414 plane
602 3335 672 3395 inda
695 3337 814 3413 pendet,
837 3356 908 3395 num
924 3335 1002 3396 vitia
1024 3336 1128 3395 oodll
1151 3356 1217 3394 eum

194 3438 348 3499 sustulisse
358 3436 512 3515 probabile
523 3439 621 3496 ducas.
638 3438 784 3516 Equidem
794 3438 865 3498 huie
874 3438 1041 3497 sententiae
1050 3441 1148 3498 faveo.
1161 3438 1218 3497 Sed

192 3563 230 3602 ne
244 3541 383 3600 inoautus
399 3539 564 3613 existimer,
580 3539 671 3600 etiam
684 3540 815 3599 Parisini
825 3541 971 3602 leotionaa
983 3541 1081 3601 textui
1094 3539 1216 3599 subieri.

279 3642 431 3722 Sequitur,
461 3649 496 3702 ut
517 3644 554 3702 de
576 3641 761 3702 recensionis
784 3646 803 3703 b
827 3664 896 3704 rusa.
920 3662 1076 3720 exponam.
1122 3641 1218 3700 Faoil-

193 3747 263 3807 lime
297 3765 395 3825 neque
419 3746 482 3806 oud.
505 3766 523 3821 p
547 3765 646 3825 nequa
669 3751 682 3804 t
704 3747 779 3806 exf
806 3746 958 3806 derivatos
983 3766 1047 3805 esse
1073 3744 1217 3819 arguitur.

195 3853 306 3909 Auetor
337 3847 417 3907 enirn
448 3850 510 3908 eod.
536 3850 551 3906 s
577 3849 675 3908 denuo
706 3850 868 3923 figurarum
898 3848 1033 3909 ordinem
1063 3848 1218 3927 paululum

194 3951 336 4025 mutavit,
369 3971 436 4011 aum
468 3971 503 4010 eo
536 3951 725 4031 procederet,
757 3958 790 4010 ut
821 3951 899 4015 illud
932 3952 1051 4015 sehema
1083 3951 1217 4016 Attioum
