2812 4710
10 35 84 255 ,ἱ

131 251 174 315 ΠΙ
520 258 730 325 -65-

113 434 239 506 pugnat3
267 451 306 490 ex
337 451 395 512 qua
424 433 624 492 nominativus
653 435 768 493 ratione
790 434 931 494 inusitata
952 435 1135 511 praefigitur,

106 541 198 592 0{iaris
226 533 340 613 obliqui
372 536 449 594 iuste
483 541 629 595 secuntur.
682 537 874 617 Relinquitur
906 540 942 611 b,
973 538 1024 616 qui
1055 537 1136 596 solus

92 637 205 698 Proba
225 638 355 697 exhibet.
401 639 477 696 Nam
507 642 585 718 quod
614 641 686 699 dicit
717 659 800 700 casus
822 647 917 700 rectos
944 642 976 699 in
999 640 1136 720 obliquos

86 740 253 813 converti,
288 741 376 801 huius
406 741 451 800 rei
483 746 585 819 aptum
616 742 784 819 exemplum
816 745 902 802 affert
934 738 1135 822 ,ἒξερχομένου

78 821 204 899 ἔδωκέ
226 841 291 916 μοι’
326 837 393 900 ἀντὶ
415 844 470 902 τοῦ
493 839 729 921 ἕξερχόμενοςῑ).
766 846 849 904 Unde
872 846 1014 904 redactori
1039 846 1057 903 b
1080 846 1136 904 hoo

71 926 177 1002 Ῑῡοο
204 944 293 1003 fidem
321 946 484 1005 habendam
509 967 572 1006 esse
596 949 709 1023 colligo.
755 949 824 1007 Rec.
848 947 939 1023 igitur
962 951 985 1004 A
1008 949 1051 1007 ita
1073 967 1136 1007 cor·

67 1035 232 1120 1’figenda
255 1047 329 1107 erit:
353 1039 393 1118 cic
416 1042 472 1128 γοῖρ
495 1041 580 1126 ἡμεῖς
601 1047 723 1129 λέγομεν
751 1043 955 1129 ,ἐξερχόμενός
977 1050 1043 1127 (pro
1059 1047 1135 1128 ἐξερ-

63 1145 236 1231 ῑῡμὲνςο)
260 1170 311 1224 μοι
333 1147 467 1221 ddunsv’,
492 1139 576 1211 οὗτοί
598 1169 690 1227 φασιν
714 1149 923 1232 ,ἐξερχομὲνον
940 1152 1006 1229 (pro
1023 1144 1133 1229 ἐξερχό-

63 1250 208 1328 μενος)
240 1248 335 1311 ἔδωκέ
365 1275 415 1328 μοι
425 1253 441 1309 '.
488 1257 525 1314 Et
556 1257 758 1315 recensionem
789 1258 812 1314 Β
843 1276 881 1314 ex
912 1256 1087 1315 auctoritate
1115 1256 1134 1312 b

62 1354 306 1414 restituemus.
342 1357 496 1416 Sententia
510 1359 564 1417 hac
585 1360 708 1434 probata
722 1359 746 1416 L
763 1364 793 1417 et
808 1358 832 1416 Ο
849 1378 864 1416 o
880 1358 1027 1417 communi
1042 1358 1134 1429 fonte,

66 1457 159 1527 qui
180 1476 353 1532 perversum
384 1455 433 1517 ἔνι’
461 1460 642 1532 continebat,
673 1460 806 1534 fluxisse,
840 1461 969 1520 dativum
993 1460 1047 1537 (Ο)
1071 1462 1135 1528 ταῖς

70 1549 241 1628 εὐθείαις
263 1580 363 1619 errore
386 1567 481 1621 ortum
506 1581 569 1621 esse
592 1565 770 1621 censendum
794 1570 847 1622 est.

195 1663 302 1722 Restat
323 1665 353 1722 in
378 1666 479 1723 eadem
502 1665 596 1740 figura
617 1667 823 1725 recensionum
847 1666 1022 1740 differentia,
1046 1685 1133 1743 quam

74 1760 212 1824 tollere
238 1767 347 1826 nescio.
392 1766 476 1830 Quod
508 1769 585 1826 enim
618 1771 654 1827 ab
677 1773 705 1827 A
728 1771 816 1828 Iones
843 1764 892 1826 καὶ
916 1768 1033 1826 πολλῶν
1056 1761 1134 1845 φροί-

80 1879 151 1926 Gau
185 1861 223 1927 οὒ
253 1862 392 1940 σώζοντες
423 1861 510 1926 πάλιν
539 1890 556 1927 a
584 1872 699 1945 vulgari
731 1890 864 1930 sermone
896 1871 1053 1930 deflectere
1075 1875 1134 1928 tra-

82 1968 227 2044 duntur,
250 1991 309 2030 non
333 1973 396 2030 sine
419 1991 507 2030 causa
536 1975 593 2032 hoo
619 1974 749 2032 additum
773 1993 836 2033 esse
859 1975 1063 2032 demonstrent
1084 1973 1134 2047 fig.

83 2069 151 2134 XI
176 2075 272 2134 XVII
293 2075 412 2133 XVIII.
463 2075 548 2138 Quod
572 2081 669 2135 autem
693 2077 717 2134 B
740 2077 893 2136 contendit
915 2068 1042 2155 ,Ἰώνων
1065 2078 1133 2133 πολ-

85 2176 167 2246 λοῖς
190 2173 251 2235 ἐστι
273 2170 306 2234 sd
330 2171 496 2255 πλαγιάζειν
505 2177 531 2249 ’',
554 2185 657 2238 auctor
677 2179 773 2238 libelli
790 2197 1004 2258 nonnunquam
1019 2184 1132 2254 partem

92 2286 224 2340 tantum
249 2300 358 2351 eorum,
382 2280 432 2358 qui
457 2282 628 2360 ceteroquin
652 2284 751 2340 eadem
777 2282 900 2341 dialecto
916 2286 1048 2353 utuntur,
1071 2301 1132 2338 mo-

93 2401 171 2442 rem
194 2381 310 2441 dicendi
334 2383 512 2456 singularem
538 2403 681 2460 usurpare
709 2384 879 2444 observavit
901 2384 939 2443 cf.
953 2383 1048 2442 XVII
1065 2384 1133 2441 XX.

96 2484 286 2564 Quanquam
311 2485 397 2544 valde
420 2486 598 2560 ambiguum,
622 2508 691 2545 num
706 2489 833 2560 πολλοῖς,
856 2487 938 2546 ouius
959 2486 1024 2545 loco
1047 2506 1135 2562 gene-

94 2589 204 2648 tivum
228 2588 328 2664 potius
349 2593 563 2664 exspectamus,
593 2591 713 2648 omnino
736 2596 817 2650 recte
840 2596 870 2649 et
893 2590 1002 2649 Graece
1026 2588 1134 2648 dictum

96 2692 163 2764 sit3
189 2698 269 2751 certe
290 2696 342 2750 aut
363 2691 483 2759 πολλοῖς
504 2697 555 2751 aut
577 2693 694 2751 πολλῶν
716 2693 790 2769 legit
812 2695 839 2752 b.

197 2815 227 2870 p.
251 2799 299 2866 42,
330 2799 370 2852 22
394 2798 429 2853 Α.
460 2798 550 2854 Amat
580 2796 612 2853 in
645 2797 789 2871 exemplis
820 2797 981 2854 formandis
1011 2797 1134 2855 verbum

99 2891 260 2975 ‘dedo‘voo'
283 2898 382 2975 Apoll.
406 2899 495 2976 Dysc.
518 2901 553 2957 de
570 2906 677 2959 constr.
697 2904 765 2973 128,
790 2908 817 2958 4.
846 2905 915 2974 134,
940 2907 967 2959 9.
992 2901 1027 2958 de
1050 2918 1134 2973 pron.

101 3005 151 3060 27
172 3002 207 3060 Β.
230 3005 270 3059 44
295 3004 330 3058 Α.
356 3007 395 3059 66
419 3002 450 3060 0.
474 3001 513 3059 79
538 3005 573 3060 A.
598 3007 637 3061 80
663 3009 696 3060 A.
722 3008 760 3060 90
785 3004 818 3062 Β.
845 3002 903 3060 147
927 3002 949 3060 C
972 3006 1026 3060 eto.

197 3124 225 3180 p.
238 3109 286 3177 42,
300 3099 432 3183 orfocle.
457 3094 521 3161 εἶθ’
537 3100 641 3173 οὕτως.
658 3104 689 3162 Si
705 3097 801 3172 οὕτως
816 3106 851 3162 ad
868 3123 994 3183 sequens
1010 3092 1051 3171 ὥς
1065 3105 1133 3159 Διο-

98 3200 213 3276 νύσιος
235 3212 391 3282 spectaret,
415 3207 504 3266 dativi
524 3208 664 3265 inusitato
688 3208 774 3264 modo
796 3207 883 3282 positi
901 3226 981 3265 more
998 3205 1134 3282 Dionysii

97 3310 292 3385 viderentur,
321 3309 351 3367 id
378 3310 456 3388 quod
480 3310 643 3368 sententiae
666 3310 818 3386 scriptoris
840 3315 995 3384 repugnat.
1041 3308 1134 3365 Immo

100 3412 349 3487 eoniungendum
372 3418 417 3470 est
438 3402 499 3468 εἶθ’
527 3405 623 3480 οὕτως
643 3413 728 3472 velut
750 3413 780 3470 in
803 3414 944 3487 Xenoph.
961 3414 1057 3471 Anab.
1075 3411 1136 3468 VII

107 3521 140 3589 1,
163 3519 200 3574 4:
232 3505 249 3572 d
271 3509 303 3573 δὲ
323 3505 488 3590 Ἀναξίβιος
511 3510 659 3572 ἐκέλευσεν
688 3506 779 3572 αὐτόν
810 3507 1012 3589 συνδιαβάντα
1035 3511 1135 3572 ἔπειτα

103 3610 207 3689 οὕτως
238 3610 484 3677 ἀπαλλάττεσθαι.
535 3618 646 3676 Similis
685 3625 731 3676 est
759 3619 840 3677 loeus
872 3619 949 3693 apud
973 3625 1070 3680 Anon.
1102 3638 1133 3676 ιι.

181 3857 206 3920 1)
224 3860 312 3919 Neque
336 3858 427 3906 dosunt
456 3859 568 3918 exempla
592 3872 605 3904 e
632 3857 757 3904 veterIbus
784 3855 946 3916 scriptoribus
972 3855 1071 3916 hausta,
1100 3856 1135 3902 cf.

111 3942 210 4015 Krdger
228 3945 243 4006 ξ
259 3947 301 4005 4⁵1,
320 3945 344 4004 4,
364 3949 386 3991 3,

911 4034 926 4086 5
