2812 4710
195 285 232 342 ΙΙΙ
597 320 637 330 -
682 281 722 345 71
768 317 809 328 „..

187 457 284 514 λοῦντο
308 455 535 532 praeferendum
560 454 607 527 sit,
635 455 761 514 discerni
787 425 897 532 nequit.
944 455 1016 511 Nam
1041 455 1128 512 etiam
1151 453 1207 510 hoo

188 559 302 618 tolerari
326 563 439 633 potest:
462 559 579 632 Kriiger
602 558 617 634 ξ
644 562 694 627 53,
720 564 746 629 2,
771 564 799 615 4.

265 682 294 737 p.
320 664 370 732 50,
393 663 421 718 4.
466 661 581 717 Nomen
609 652 794 734 Τυρσηνικόν
817 675 857 734 σχ.
891 661 947 718 hoo
978 665 1092 718 tantum
1122 659 1207 716 modo

187 766 340 824 defendere
371 763 457 836 lieet,
487 770 521 821 ut
550 763 757 837 grammaticos
787 763 911 838 figuram
935 763 1011 838 apud
1036 762 1208 838 scriptorem

187 866 326 927 Graeoum
355 867 522 938 invenisse,
554 866 603 944 qui
635 872 723 939 gente
756 865 926 942 Tyrrhenus
956 885 1020 923 esse
1050 864 1208 935 ferebatur,

187 971 320 1030 dieamus.
344 970 420 1027 Nem
442 968 545 1042 figuris
567 969 687 1026 uomina
710 987 726 1025 a
749 969 859 1043 populo
883 969 945 1027 sive
969 969 1064 1044 patrio
1086 967 1208 1043 seriptu-

187 1093 255 1143 του,
286 1073 365 1148 apud
389 1092 464 1151 quos
486 1070 603 1130 dioendi
625 1072 755 1130 rationes
778 1072 983 1129 memorabiles
1007 1072 1207 1139 occurrebant,

186 1176 276 1234 indita
298 1194 362 1234 esso
385 1175 464 1231 infra
486 1175 685 1232 demonstrare
709 1174 842 1232 studebo.
887 1179 986 1253 Atque
1008 1173 1206 1251 Pythagoram

187 1278 369 1355 Tyrrhenum
392 1277 484 1336 fuisse
507 1281 597 1336 testes
620 1281 690 1334 sunt
712 1277 797 1351 Diog.
822 1278 918 1336 Laeit.
935 1277 1014 1337 VIII
1040 1281 1074 1334 1:
1101 1276 1209 1332 Πυθα-

189 1374 275 1459 γόρας
299 1372 487 1458 Μνησάρχου
510 1371 777 1456 δακτυλιογλύφου,
802 1372 843 1447 όός
866 1395 956 1454 φησιν
970 1373 1159 1454 Ἕρμιππος,
1191 1354 1211 1453 ii

189 1475 225 1551 τός
243 1476 448 1560 Ἀριστόξενος
468 1473 622 1560 Τυρρηνός
644 1472 704 1539 όντό
730 1483 802 1557 μιοῖς
824 1482 882 1539 τῶν
904 1475 1003 1555 νήσων
1019 1475 1055 1550 ἃς
1070 1476 1210 1555 κατέσχον

187 1579 341 1662 Ἀθηναῖοι
368 1577 541 1662 Τυρρηνοός
564 1577 737 1659 ἐκβαλόντες
759 1585 817 1641 κτλ.
853 1585 942 1644 Olem.
967 1584 1053 1644 Alex.
1076 1584 1211 1644 Strom.I

187 1690 203 1766 ξ
226 1695 284 1748 129
309 1689 410 1766 sylo:
441 1681 630 1764 Πυθαγόρας
657 1681 709 1760 μὲν
731 1673 786 1744 οὖν
809 1679 997 1763 Μνησάρχου
1021 1679 1141 1761 Σάμιος
1164 1678 1205 1755 dig

190 1809 277 1867 φησιν
299 1782 485 1866 Ἱππόβοτος,
510 1781 550 1858 σός
572 1785 604 1847 δὲ
618 1781 818 1866 Ἀριστόξενος
840 1785 870 1847 ἐν
888 1791 929 1868 τῷ
948 1782 1135 1868 Πυθαγόρου
1153 1787 1209 1869 βίῳ

189 1891 234 1951 καὶ
254 1889 447 1971 Ἀρίσταρχος
468 1889 519 1951 καὶ
544 1885 725 1967 Θεόπομπος
752 1885 905 1968 Τυρρηνός
928 1879 976 1968 ἦν,
1000 1883 1041 1961 οἷς
1064 1887 1095 1950 δὲ
1113 1885 1209 1949 Νεάν-

188 2001 244 2073 θης
256 1990 370 2074 Σύριος
392 1989 413 2072 ἢ
437 1989 555 2071 Τύριος,
579 1987 651 2053 ὥστε
675 1985 750 2051 εἶναι
773 1987 847 2052 κατοὶ
870 1991 940 2063 τούς
963 1993 1116 2063 πλείστους
1137 1988 1207 2072 βόρ-

189 2100 277 2179 βορον
301 2092 333 2157 τό
355 2095 448 2177 γένος.
478 2099 591 2156 Diodor
613 2097 644 2154 X
667 2098 701 2155 fr.
728 2103 745 2156 3
770 2097 842 2172 (a).
856 2097 884 2173 1)
920 2099 960 2157 Et
982 2098 1091 2173 scripta
1113 2096 1208 2174 philo-

188 2205 276 2279 sopho
306 2207 375 2279 post
396 2201 586 2262 Aristotelem
617 2201 702 2258 multi
732 2199 910 2272 tribuerunt,
940 2200 1021 2259 inter
1051 2221 1125 2279 quos
1150 2200 1209 2275 pri·
1280 2222 1283 2227 ·

188 2328 263 2366 mum
295 2307 392 2366 losum
423 2303 597 2363 Heraolides
619 2304 720 2361 Lemb.
746 2302 868 2363 obtinet.
906 2303 993 2378 Diog.
1018 2303 1051 2363 L.
1080 2302 1156 2360 VIII
1182 2308 1209 2359 6.

188 2410 221 2469 ef.
242 2410 355 2469 Zeller:
377 2408 489 2467 Philos.
512 2408 539 2466 d.
563 2405 859 2465 Grieahen41258.
904 2405 987 2464 Alios
1011 2402 1208 2484 ‘Tyrrhenos’

189 2513 322 2590 equidem
344 2531 403 2570 non
428 2511 507 2571 novi.

269 2636 299 2692 p.
317 2619 366 2687 50,
383 2612 442 2695 sss.
470 2605 595 2681 δεούσας
610 2605 790 2691 προτάττειν.
814 2610 987 2671 Infinitivus
1002 2610 1093 2670 aotivi
1109 2630 1144 2669 eo
1160 2611 1210 2668 de·

187 2719 264 2778 feudi
288 2721 395 2794 potest,
426 2717 504 2795 quod
527 2714 681 2774 adieetivis
702 2715 785 2774 velut
808 2705 891 2783 όξιος
912 2706 1037 2788 χαλεπός
1066 2712 1208 2773 infinitivi

188 2822 272 2882 aetivi
299 2825 498 2897 apponuntur,
529 2817 581 2877 ubi
610 2817 744 2893 passivos
775 2824 995 2892 exspectamus,
1026 2817 1062 2875 of.
1092 2817 1211 2890 Kriiger

188 2922 274 3002 555,
299 2929 328 2996 3,
351 2922 379 2981 7.
403 2922 528 2980 Kiihner
551 2921 567 2999 §
591 2921 662 2993 473,
687 2925 713 2992 6,
738 2940 753 2979 ο
776 2923 863 2979 Anm.
892 2924 937 2978 14.

269 3046 298 3105 p.
311 3031 359 3098 50,
371 3022 431 3107 7χ8.
454 3015 670 3103 ιπεριπατήσας
687 3016 817 3097 ἄνέστη’.
841 3023 892 3081 fiot
907 3041 971 3080 esse
985 3040 1125 3097 perversa
1141 3041 1208 3080 oon-

189 3130 308 3190 struotio
331 3129 514 3186 demonstrat
536 3132 566 3186 et
587 3127 728 3205 frequens
751 3147 821 3184 usus
840 3125 924 3184 verbi
942 3122 1146 3202 χαεριυατεῑα
1171 3124 1208 3181 of.

188 3233 282 3310 Apoll.
306 3232 396 3309 Dyse.
419 3231 454 3288 de
478 3234 586 3288 oonstr.
612 3234 660 3302 12,
685 3234 712 3287 5.
745 3234 794 3304 22,
822 3234 867 3286 13.
903 3232 950 3298 30,
975 3232 1013 3284 23
1038 3246 1081 3304 sq.
1106 3226 1154 3298 74,
1180 3232 1207 3285 2.

192 3340 255 3409 ros,
280 3339 329 3394 νο.
356 3337 425 3406 ils,
449 3337 497 3391 sa.
526 3337 592 3404 ινα,
618 3336 644 3390 5.
671 3336 740 3408 ros,
767 3337 813 3390 rs.
837 3332 908 3403 νοτ,
933 3335 972 3387 22
997 3337 1052 3388 eto.

253 3470 278 3530 1)
296 3437 426 3528 Quomodo
445 3468 536 3514 iactum
554 3469 593 3525 sit,
613 3473 640 3514 ut
652 3469 724 3528 Pyth.
743 3468 785 3514 elii
798 3468 914 3525 Samium,
933 3466 976 3513 elii
990 3467 1146 3527 Tyrrhenum
1165 3482 1208 3513 no·

188 3559 313 3616 minarent,
331 3555 389 3602 inde
407 3554 551 3614 explicatur,
570 3554 636 3612 quod
654 3554 751 3601 iuvenis
770 3569 800 3600 ex
812 3553 997 3614 Tyrrhenorum
1011 3553 1092 3599 insula
1109 3554 1209 3600 Samum

188 3643 374 3703 transmigrasse
400 3640 519 3686 traditur:
545 3640 621 3686 schol.
648 3640 806 3688 Plat.1>01it.
827 3639 876 3687 600
892 3640 923 3684 B:
952 3632 1111 3701 Πυθαγόρας
1138 3636 1208 3700 Μνη-

188 3724 278 3795 σάρχου
297 3721 521 3790 δακτυλιογλύφου,
541 3720 687 3787 Τυρρηνός’
706 3722 761 3781 νέος
781 3721 810 3776 δὲ
828 3714 863 3774 ὧν
880 3713 958 3788 η’λῢεν
977 3720 1006 3772 ἐκ
1015 3720 1153 3785 Τυρρηνῶν
1173 3721 1209 3779 εἰς

189 3810 274 3878 Σάμον
293 3811 338 3863 καλ
356 3807 479 3875 διήκουσε
497 3806 662 3873 Φερεκύδους
678 3809 721 3860 τοῦ
741 3807 836 3873 Συρίου
855 3810 907 3860 κτλ.
931 3809 1040 3871 (Patrem
1053 3804 1208 3874 Μνήσαρχον

189 3894 315 3963 Τυρρηνὸν
333 3892 392 3949 ὄντα
410 3892 474 3946 κατοὶ
493 3894 564 3960 γένος
581 3894 631 3946 τῶν
643 3894 746 3960 Λῆμνον
763 3893 807 3945 καὶ
820 3888 926 3962 Ἴμβρον
945 3892 989 3943 καλ
1008 3892 1109 3957 Σκῦρον
1127 3909 1208 3943 κατοι-

189 3980 317 4048 κησάντων
336 3980 473 4046 Τυρρηνῶν
492 3976 612 4032 saxeum
632 3977 792 4044 μεταστάντα
809 3982 899 4041 diuque
914 3985 1077 4040 pervagatum
1096 3981 1121 4026 in
1135 3979 1207 4025 Samo

189 4071 326 4119 consedisse
344 4073 428 4117 namet
445 4069 568 4130 Porphyr.
588 4084 611 4115 v.
629 4068 703 4130 Pyth.
722 4069 736 4127 ξ
758 4068 815 4127 lu).
