2812 4710
600 269 811 334 -60-
1165 269 1214 328 111

189 464 254 502 mus
268 442 305 520 ¹),
328 461 426 522 neque
448 443 535 502 initio
559 443 671 517 figurae
693 441 872 517 respondere
888 458 984 520 neque
999 441 1138 516 exemplo
1158 441 1217 499 sui·

188 547 276 604 ficere
299 547 451 618 videntur,
484 547 562 623 quod
594 544 680 603 aliam
710 546 834 604 formum
866 550 954 624 atque
985 540 1094 623 ,ἐστίν’
1117 545 1216 602 offert.

189 648 312 707 Auxilio
347 649 433 708 nobis
455 648 539 707 venit
561 649 681 723 Gregor.
705 647 847 720 Corinth,
877 646 928 726 qui
959 647 994 704 de
1023 645 1092 704 dial.
1117 647 1218 705 Attica

189 750 205 829 ξ
229 756 265 809 31
291 751 474 810 haecdicit:
504 747 554 808 καί
584 743 617 809 τῦ
649 741 889 825 προσλαμβάνειν
922 744 1036 819 ἔξωθεν
1065 739 1099 805 τῦ
1123 744 1216 827 ,ἐστί’

188 858 241 930 (sc.
264 845 402 912 Ἀττικῶν
425 850 506 931 ἔστι),
552 849 602 912 καὶ
616 847 757 928 Ὅμηρος

275 953 327 1037 ι,εἰ
347 949 379 1014 d'
394 949 453 1032 ἤδη
469 959 590 1015 τεθνᾶσι
614 952 663 1013 καί
680 953 721 1013 είν
732 950 837 1013 Ἀΐδαο
854 950 971 1029 δόμοισι
979 952 994 981 ”
1011 954 1058 1031 (Χ
1067 959 1106 1012 52
1122 953 1217 1030 alibi).

187 1059 278 1118 λείπει
300 1053 355 1138 yde
378 1053 411 1118 τῦ
435 1056 532 1140 ιείσί’.
578 1058 661 1122 Quae
691 1060 732 1117 ita
753 1058 912 1133 intellego:
944 1057 1124 1132 cogitatione
1148 1076 1217 1132 sup·

186 1164 296 1240 plenda
326 1171 371 1222 est
401 1162 497 1220 forma
528 1162 683 1222 indicativi
714 1161 799 1220 verbi
822 1160 1011 1220 substantivi.
1056 1160 1217 1218 Praeterea

190 1267 227 1325 cf.
250 1267 342 1325 schol.
366 1264 458 1326 Arist.
481 1264 557 1323 Ran.
585 1268 682 1322 1499:

445 1358 602 1443 διατριβήν
624 1357 717 1445 α’ργὸν
739 1368 893 1424 ποιεῖσθαι

444 1470 711 1547 παραφρονοῦντος
734 1462 854 1547 ἀνδρός.

189 1573 298 1633 schol:
328 1574 597 1651 παραφρονοῦντος
620 1565 744 1651 ἀνδρός]
774 1571 862 1630 λείπει
893 1563 926 1629 τῦ
951 1567 1069 1650 ,ἕστίνζ
1102 1561 1144 1640 ὥς
1166 1567 1216 1628 καὶ

188 1668 221 1734 τῦ
244 1668 405 1752 Ὁμηρικόν
436 1673 488 1756 ,εί
508 1671 536 1733 d'
564 1669 622 1753 ἤδη
645 1677 768 1733 τεθνᾶσι
799 1671 850 1732 καί
873 1671 916 1731 εἰν
938 1665 1039 1731 Ἀίδαο
1061 1666 1181 1748 δόμοισι
1190 1672 1214 1729 ”.

187 1777 278 1837 λείπει
302 1773 358 1858 yolo
381 1776 541 1840 τοίνταῦθα
563 1772 595 1837 τῦ
620 1776 720 1859 ,ἐστίλ
766 1779 894 1856 Blaydss
917 1785 1000 1838 notat
1023 1775 1040 1834 d
1064 1781 1125 1836 8³4
1150 1763 1215 1856 (μῖ

187 1872 247 1957 ἤδη
269 1878 396 1957 τέθνηκε
419 1878 469 1942 καί
491 1879 557 1941 είν”
581 1885 663 1956 κτλ).

273 1986 466 2045 Recensionis
487 1989 516 2046 A
539 1982 638 2065 ,εἰμίζ
662 2005 727 2044 cum
749 2004 807 2064 quo
824 1988 938 2059 spectet
953 2002 1012 2041 non
1028 1983 1214 2060 perspiciam,

186 2087 218 2145 in
242 2083 350 2166 ,είμίν’
381 2090 553 2148 mutandum
576 2108 640 2147 esse
663 2096 744 2163 puto,
777 2096 811 2146 ut
846 2088 881 2144 ad
905 2086 1033 2164 exempli
1058 2089 1213 2166 sequentis

187 2191 280 2249 verba
301 2191 462 2261 reseratum
485 2183 506 2266 ἢ
529 2188 638 2271 ,είμίν’
662 2194 698 2249 ab
717 2197 751 2264 A,
775 2191 826 2269 qui
849 2191 881 2248 in
902 2208 976 2249 voce
992 2186 1102 2268 ,ἐστίν’
1120 2191 1213 2247 offen-

191 2293 283 2365 derat,
306 2294 437 2352 additum
460 2314 523 2353 esse
545 2294 705 2355 verisimile
729 2294 824 2352 credo.

274 2414 305 2471 p.
329 2399 379 2468 35,
403 2393 452 2477 tls
482 2405 512 2454 et
533 2417 562 2472 p.
588 2403 635 2468 36,
664 2394 765 2475 ll2A.
811 2394 955 2472 Exempla
985 2394 1053 2452 ficta
1082 2413 1146 2452 esse
1177 2394 1215 2450 ab

189 2508 306 2558 auctore
329 2499 398 2557 inde
421 2499 578 2572 concludo,
612 2501 690 2579 quod
720 2499 849 2559 Socratis
879 2507 910 2556 et
932 2497 1065 2556 Platonis
1094 2495 1215 2555 nomina

189 2602 385 2676 grammaticis
421 2602 452 2658 in
484 2602 597 2660 deliciis
636 2603 726 2662 fuisse
756 2603 904 2660 videntur.
956 2601 1106 2660 Socratem
1136 2598 1214 2657 enim

189 2703 276 2778 Diog.
300 2705 401 2782 Babyl.
427 2704 524 2783 (Diog.
544 2707 577 2764 L.
603 2707 661 2764 VIl
685 2705 701 2784 ᾖ
720 2704 774 2782 58)
796 2711 831 2763 ut
846 2704 885 2762 sit
900 2703 1069 2779 exemplum
1086 2701 1216 2760 nominis

188 2806 299 2883 proprii
315 2808 437 2881 profert,
453 2809 548 2867 utitur
563 2810 665 2867 eodem
682 2808 881 2884 DionysThr.
893 2812 942 2883 24,
953 2811 979 2866 5.
991 2807 1067 2878 33,7
1086 2805 1211 2882 (Uhlig).

189 2908 287 2983 Apoll.
310 2908 398 2986 Dyso.
425 2911 460 2967 de
483 2918 591 2969 constr.
615 2930 643 2985 p.
669 2914 738 2983 299,
763 2915 812 2969 25.
837 2912 872 2968 de
895 2929 979 2984 pron.
1004 2913 1043 2967 29
1060 2913 1097 2968 Δ.
1124 2912 1162 2965 65
1180 2909 1212 2966 Β.

191 3015 229 3069 88
246 3011 279 3071 Β.
305 3011 460 3083 ,secuntur
482 3015 512 3071 in
536 3015 645 3073 haere
668 3014 837 3073 Aristotelis
860 3013 1111 3083 consuetudinem,
1136 3012 1214 3087 apud

188 3133 275 3194 quem
297 3116 450 3176 invenitur
472 3118 643 3193 saepissime
665 3118 780 3194 positus
796 3111 990 3195 ,Σωκράτης’
1006 3136 1059 3191 pro
1076 3113 1214 3188 exemplo

189 3218 266 3296 „tori
288 3211 368 3287 τινῦς
391 3211 580 3296 ιίνθροίπου”
609 3221 736 3299 (Bonita,
760 3221 820 3278 ind.
844 3219 966 3280 Aristot.
991 3239 1012 3278 s.
1036 3239 1064 3278 v.
1088 3209 1215 3294 Σωκρά-

187 3321 260 3395 της).
285 3319 421 3399 ,Platon'
445 3323 588 3398 exemplis
612 3324 763 3382 nominum
779 3323 965 3398 propriorum
982 3321 1108 3380 adicitur
1123 3320 1214 3380 Dion.

187 3423 257 3482 Thr.
281 3423 431 3482 codicibus
454 3425 514 3482 BT
536 3446 563 3501 p.
579 3432 627 3496 24,
653 3431 688 3497 5;
713 3425 833 3486 scholiis
854 3426 891 3483 ad
914 3426 944 3484 ln
968 3426 986 3483 l.
1010 3426 1051 3501 (p.
1076 3427 1147 3496 845,
1174 3427 1211 3481 18

187 3532 218 3584 et
240 3527 302 3604 28),
326 3538 460 3586 servatur
482 3526 650 3588 erotematis
672 3526 729 3605 <El
754 3526 811 3607 Et)
834 3530 870 3586 ad
886 3528 974 3586 Dion.
991 3526 1059 3585 Thr.
1081 3548 1109 3603 p.
1127 3531 1177 3598 33,
1195 3532 1213 3584 6

187 3629 420 3705 pertinentibus,
451 3632 556 3691 Ohoer.
581 3637 635 3705 56,
667 3637 715 3691 20.
750 3635 825 3701 186,
858 3634 907 3688 21.
939 3631 1032 3689 Prisc.
1055 3630 1088 3687 II
1112 3632 1160 3701 59,
1189 3634 1214 3686 l.

259 3784 284 3841 1)
302 3782 385 3829 Etiam
408 3789 522 3830 auctores
540 3782 561 3830 Ο
580 3792 604 3831 et
623 3785 646 3842 b,
673 3800 734 3844 quos
752 3785 871 3832 disertam
888 3783 960 3830 verbi
978 3782 1128 3830 substantivi
1146 3795 1214 3828 mon-

188 3866 279 3914 tionem
304 3873 390 3927 postaa
407 3869 520 3916 intulisse
538 3883 673 3918 consensus
692 3871 712 3916 L
731 3884 787 3918 eum
806 3871 828 3918 Δ
847 3869 954 3931 evincit,
982 3869 1063 3916 simile
1081 3867 1140 3929 quid
1158 3882 1213 3916 seu·

187 3951 249 4000 aisse
269 3953 496 4003 animadvertimus.
