2812 4710
596 1253 776 1361 ‘vrrs
807 1209 826 1256 ³

272 1551 367 1608 Natus
391 1569 455 1606 sum
479 1548 626 1606 Rudolf
646 1550 781 1609 Walther
804 1545 956 1608 Hermann
978 1548 1104 1606 Mueller
1127 1547 1214 1606 nonis

131 1658 135 1664 '
188 1651 400 1709 Decembribus
424 1651 493 1708 anni
517 1652 694 1726 sexagesimi
711 1653 808 1732 quinti
827 1653 855 1713 h.
873 1673 895 1710 s.
911 1651 942 1708 in
958 1650 1025 1709 vico
1042 1651 1087 1709 cui
1105 1670 1212 1708 nomen

187 1760 232 1812 cst
261 1755 437 1826 Ebersdorf,
468 1754 635 1827 Rutheneo,
667 1762 750 1831 patre
781 1755 954 1812 Hermanno
984 1759 1077 1811 matre
1108 1753 1215 1811 Minna

188 1876 204 1912 e
235 1864 323 1929 gente
355 1856 458 1928 Graes,
489 1877 614 1935 quorum
644 1859 739 1916 adhuc
771 1857 962 1932 superstitum
993 1857 1076 1914 fruor
1105 1875 1212 1915 amore.

186 1959 289 2016 Fidem
329 1959 470 2035 profiteor
499 1960 709 2034 evangelicam.
763 1960 943 2019 Litterarum
975 1959 1129 2017 elementis
1159 1958 1214 2016 irn-

185 2063 274 2119 butus
296 2079 366 2119 vore
389 2061 458 2118 anni
483 2061 691 2136 septuagesimi
717 2061 834 2138 septimi
851 2062 992 2120 Slevitiae
1013 2060 1114 2137 oppidi
1131 2081 1213 2138 gym-

186 2163 299 2220 nasium
319 2163 386 2232 adii,
421 2166 498 2240 quod
523 2165 560 2223 H.
586 2165 699 2236 Meieri,
731 2165 932 2241 praeceptoris
960 2164 1032 2222 mihi
1056 2163 1086 2221 in
1110 2163 1214 2240 primis

185 2266 355 2337 venerandi,
387 2267 490 2324 floruit
518 2267 665 2346 floretque
694 2268 780 2326 laetis
811 2267 958 2343 auspiciis.
1005 2267 1123 2342 Septem
1146 2271 1216 2340 post

186 2387 280 2426 annos
326 2369 504 2428 maturitatis
548 2371 750 2428 testimonium
795 2372 917 2446 adeptus
961 2369 993 2426 in
1035 2369 1214 2427 academiam

187 2471 373 2546 Lipsiensem
396 2490 442 2528 me
465 2473 586 2544 contuli,
610 2479 643 2531 ut
660 2473 829 2547 theologiae
853 2478 883 2531 et
897 2471 1078 2547 philologiae
1096 2489 1215 2546 operam

187 2575 293 2632 darem.
339 2574 395 2631 Sed
423 2594 501 2632 anno
534 2582 653 2650 peracto
686 2580 780 2636 toturn
810 2575 991 2651 philologiae
1021 2593 1067 2631 me
1091 2573 1156 2632 dedi
1186 2579 1215 2631 et

186 2676 274 2733 huius
297 2676 471 2750 disciplinae
495 2678 624 2736 studium
647 2680 749 2736 eadem
772 2680 802 2737 in
827 2681 900 2737 urbe
914 2697 968 2755 per
983 2677 1041 2736 tria
1057 2677 1215 2755 sequentia

187 2779 339 2837 semestria
362 2779 447 2836 colui.
482 2780 603 2837 Scholas
626 2781 815 2859 frequentavi
832 2781 964 2839 virorum
981 2780 1036 2850 dd„
1061 2779 1215 2857 quierant

187 2881 298 2939 ordinis
321 2882 540 2956 theologorum:
573 2883 732 2956 Delitzsch,
764 2883 881 2954 Fricke,
906 2883 1066 2951 Hofmann,
1090 2881 1215 2952 KahniS,

187 2983 350 3056 Luthardt3
387 2984 647 3059 philosophorum:
680 2986 794 3056 Arndt,
829 2983 862 3047 G.
886 2981 1019 3054 Curtius,
1057 2982 1214 3054 Drobisch‚

188 3086 312 3154 Heinze,
344 3085 471 3161 Lipsius,
503 3088 668 3160 Overbeck,
699 3089 857 3159 Pueckert,
888 3086 1033 3143 Ribbeck.
1058 3085 1091 3143 G.
1116 3085 1215 3159 Voigt,

189 3187 311 3259 Wenclr‚
335 3189 476 3260 Zarncke,
500 3189 713 3264 proseminario
740 3187 921 3264 philologico
946 3188 979 3244 0.
1003 3187 1099 3245 Orusii
1122 3187 1214 3245 inter·

187 3291 246 3359 l'ui;
275 3291 433 3349 Pueckerti
465 3297 494 3349 et
517 3293 557 3350 M.
582 3292 695 3366 Voigtii
719 3291 932 3350 consuetudine
955 3290 1114 3348 domestica
1137 3290 1215 3368 quod

187 3391 231 3450 uti
254 3391 326 3448 mihi
350 3391 435 3452 licuit
458 3394 549 3452 debeo
573 3395 678 3452 horum
693 3394 824 3453 virorum
848 3392 958 3466 insigni
975 3410 1045 3466 erga
1060 3411 1106 3450 me
1121 3394 1214 3451 bene·

187 3494 347 3552 velentiae.
378 3497 531 3554 Autumno
555 3495 626 3554 anni
650 3496 821 3571 octogesimi
845 3494 924 3554 sexti
948 3493 1216 3571 Gryphiswaldiam

188 3596 399 3670 transmigravi
431 3604 461 3657 et
491 3617 544 3674 per
574 3617 627 3656 sex
650 3598 803 3656 semestris
826 3598 923 3656 studia
946 3595 1125 3672 philologico
1147 3616 1216 3655 con·

188 3698 312 3758 tinuavi.
348 3699 522 3760 Docuerunt
544 3719 590 3759 me
613 3701 670 3760 viri
687 3701 734 3759 dd.
750 3701 919 3772 Bernbeim,
934 3698 1094 3773 Kiessling,
1111 3699 1215 3770 Mnaso,

189 3803 329 3873 Preuner,
360 3803 504 3876 Rehmke,
535 3804 683 3879 Schuppe,
706 3803 808 3874 Seeck,
832 3801 989 3875 Susemihl
1013 3802 1048 3858 ad
1072 3801 1217 3860 exercita-

189 3904 285 3961 tiones
300 3904 485 3964 admiserunt
499 3905 648 3965 Susemihl
659 3905 872 3978 Aristotelicas,
888 3905 1022 3964 Rehmke
1039 3908 1069 3964 et
1080 3904 1218 3981 Schuppe
