2812 4710
189 309 226 370 IV
591 308 803 375 -85-

189 486 268 541 antea
297 481 438 542 instituta
470 500 611 561 apparere
642 489 724 559 puto.
777 485 882 565 Neque
911 485 1043 562 respexit
1072 488 1205 546 nostrum

189 585 356 661 scriptorem
386 585 487 663 Apoll.
518 584 605 664 Dysc
638 587 674 646 de
706 591 864 648 construet.
888 610 917 666 p.
941 593 1019 662 2233
1051 608 1110 668 quo
1140 589 1205 648 loco

188 708 297 748 cansam
311 688 482 765 investigat,
505 708 557 748 cur
577 691 764 751 substantiva
785 691 910 767 pluralia
933 692 1066 753 neutrius
1089 689 1205 768 generis

189 811 247 850 cum
268 793 361 852 verbo
384 790 526 867 singulari
550 793 783 869 coniungantur:
807 784 875 853 οὐδὲ
896 787 953 874 yoip
970 791 1064 853 ἐκεῖνο
1081 786 1113 853 sci
1130 785 1204 852 iino-

188 885 379 971 perlucidas,
401 883 442 963 air
465 886 610 954 Βοιώτιόν
635 891 714 954 ἔστιν
736 892 809 966 ἔθος
830 889 938 971 ὅμοιοι
960 898 1000 978 τῷ
1023 888 1105 976 stupri
1132 896 1204 954 Πιν-

189 990 264 1079 dcipcp
287 987 422 1077 ιιιιῖχεῖιιιι
445 989 544 1072 ὀμφαὶ
565 992 675 1075 μελέων
697 991 752 1056 cciv
775 991 899 1068 aritote’²
923 1000 972 1078 (fr.
998 1004 1037 1058 45
1062 1000 1131 1060 Boe.
1156 1001 1205 1073 75,

188 1121 213 1160 v.
235 1105 273 1159 20
297 1095 425 1178 ng.⁴).

268 1222 391 1282 Praeter
412 1223 489 1281 banc
512 1221 635 1298 figuram
658 1225 694 1282 ab
718 1225 849 1304 antiquis
869 1225 1086 1300 comprobatam
1102 1224 1203 1285 inveni

189 1325 276 1384 solum
298 1325 483 1385 Corinthium
507 1326 639 1386 schema:

265 1429 314 1488 Et.
335 1430 377 1487 Μ.
401 1449 425 1488 s.
447 1451 475 1489 v.
506 1418 563 1504 εἶμι
594 1429 635 1507 (p.
660 1435 730 1503 301,
754 1431 807 1507 27)
937 1422 971 1488 co*
1001 1422 1204 1506 πληθυντικὸν

188 1523 250 1610 ,icis
272 1529 377 1607 l'mpev’
400 1526 452 1590 sol
466 1533 628 1607 ποιητικῶς
644 1530 764 1611 ιῖομενζ
788 1527 821 1590 τό
845 1525 993 1610 σμικρόν.
1021 1524 1070 1590 tul
1087 1532 1129 1606 τίς
1152 1529 1201 1591 καὶ

186 1628 300 1712 λέγομεν
315 1626 361 1692 ὅτι
376 1634 472 1711 σχῆμα
482 1632 656 1711 Κορίνθιον.
680 1637 727 1695 Et.
744 1634 818 1697 Gud.
834 1657 856 1695 s.
869 1657 898 1696 v.
915 1632 998 1711 ἱόμεν
1013 1634 1055 1714 (p.
1067 1636 1136 1708 174,
1151 1636 1203 1713 44)

186 1737 292 1797 eadem.
329 1736 387 1796 Sed
409 1737 482 1796 haec
503 1756 542 1796 ex
565 1738 667 1795 eodem
683 1738 765 1797 fonte
781 1743 845 1798 orta
867 1738 945 1797 nude
960 1739 1152 1814 provenerint
1173 1743 1204 1798 et

187 1840 258 1899 unda
281 1844 385 1899 auctor
406 1838 541 1899 notitiam
565 1840 721 1901 schematis
743 1841 917 1917 perceperit,
941 1840 1066 1900 discerni
1088 1841 1202 1920 nequit.

265 1943 303 2001 In
332 1943 388 2002 hao
418 1947 502 2002 tanta
523 1943 758 2002 testimoniorum
786 1944 909 2020 penuria
931 1943 1137 2003 difficillimum
1159 1948 1205 2003 est

186 2044 352 2119 diiudicare,
383 2064 459 2124 quae
481 2045 546 2104 aliis
569 2046 726 2106 Lesbonax
749 2047 899 2119 debuerit,
931 2066 1006 2127 quae
1028 2046 1092 2122 ipse
1114 2065 1202 2105 exco-

186 2147 337 2222 gitaverit3
370 2167 437 2206 nam
468 2147 557 2208 etiam
587 2154 720 2208 nostrum
751 2150 924 2225 scriptorem
958 2149 1061 2224 figuris
1083 2148 1202 2207 nomina

186 2248 332 2326 imponere
354 2251 485 2327 potuisse
509 2252 575 2332 quis
597 2252 705 2328 neget?

265 2372 377 2443 Restat,
407 2380 441 2431 ut
472 2391 705 2446 commemorem,
736 2393 812 2452 quae
844 2374 956 2448 figurae
988 2373 1126 2447 gentibus
1154 2371 1203 2431 vel

185 2474 296 2533 urbium
326 2473 432 2534 incolis
460 2475 625 2550 adscriptae
654 2477 876 2536 aLesbonacte
908 2477 1032 2535 omissae
1061 2475 1132 2534 alibi
1155 2495 1202 2534 oo·

186 2582 308 2638 currant.
345 2577 376 2636 si
391 2578 535 2638 mittimus
550 2578 661 2637 scholia
676 2579 711 2637 Il.
737 2584 761 2636 Α
778 2580 818 2658 (Ζ
835 2579 894 2637 479
912 2577 1089 2655 Nicanoris),
1110 2578 1201 2638 schol.

186 2679 242 2754 0d.,
272 2681 363 2741 schol.
396 2681 433 2740 Il.
457 2680 530 2752 BT,
563 2701 687 2758 quorum
719 2682 867 2758 prioribus
896 2680 999 2758 (schol.
1023 2682 1059 2741 Il.
1082 2687 1113 2740 et
1135 2681 1201 2757 Od.)

184 2784 346 2844 Atticorum
369 2804 438 2842 usus
461 2784 611 2863 loquendi,
642 2784 857 2859 posterioribus
880 2784 1055 2856 Atticorum,
1086 2785 1200 2857 Ionum,

185 2886 552 2963 leolumnocatur1)-
575 2905 642 2944 nam
672 2886 785 2946 etiamsi
817 2888 852 2945 de
875 2886 1052 2945 scholiorum
1075 2887 1200 2947 auotori-

184 2989 233 3048 bns
254 2994 381 3066 excepto
407 2990 431 3044 Z
454 2989 515 3047 479
539 2989 614 3048 nibil
636 2990 708 3048 certi
731 2989 924 3066 pronuntiare
946 2987 1024 3061 licet,
1047 2995 1145 3048 tamon
1166 3009 1200 3047 eo

184 3093 357 3169 conspirant,
390 3093 467 3172 qnod
501 3091 692 3151 dialectorum
724 3091 900 3151 divisionem
932 3097 1086 3163 secuntur,
1125 3111 1200 3170 qnae

184 3201 297 3269 praeter
321 3194 453 3254 Atticam
479 3194 655 3254 Graecorum
678 3195 810 3270 linguam
840 3194 1018 3271 tripartitam
1049 3194 1198 3268 agnoscit:

183 3296 292 3370 Ionum,
318 3297 452 3370 Aeolum,
474 3296 603 3370 Dorum;
627 3317 681 3357 neo
704 3318 770 3357 oum
793 3298 887 3358 nostri
911 3296 1063 3373 scriptoris
1081 3301 1199 3355 senten-

184 3399 228 3460 tiis
247 3403 354 3460 horum
378 3400 634 3474 grammaticorum
651 3400 785 3460 doctrina
800 3399 940 3461 convenit
955 3434 997 3442 —
1015 3399 1039 3458 si
1056 3398 1200 3459 mittimus

245 3655 270 3724 ι)
297 3656 375 3705 schor.
394 3656 421 3703 11.
440 3657 478 3704 n:
505 3647 630 3714 Ἀττικῶς
648 3656 667 3705 Α
682 3657 740 3705 aar.
772 3654 864 3705 Brea.
897 3653 980 3705 zero
999 3654 1149 3718 (Nicanoris)
1165 3684 1198 3693 -

183 3743 251 3792 auor.
271 3743 336 3790 ou:
365 3737 488 3798 Ἀττικῶς
505 3757 522 3804 η
541 3743 589 3791 301
610 3743 625 3807 p
644 3744 676 3790 cc
696 3770 728 3778 -
747 3743 823 3791 schol.
842 3743 862 3788 a
881 3743 918 3788 r:
944 3732 1068 3797 Ἀττικῶς
1086 3739 1109 3789 Γ
1125 3745 1139 3789 c
1155 3742 1199 3805 (r)

183 3822 227 3877 rs
240 3827 281 3896 (r)
294 3825 317 3876 Γ
331 3829 380 3875 148
389 3823 430 3891 (r)
449 3823 529 3874 Γιιι
545 3824 583 3892 (r)
603 3824 684 3876 reae
698 3828 739 3889 (r)
758 3826 838 3877 racc
851 3827 895 3890 (r)
913 3825 941 3876 H
952 3827 1001 3876 roo
1012 3823 1055 3891 (r)
1066 3824 1088 3876 e
1098 3829 1146 3876 aar
1156 3824 1196 3892 (r)

182 3907 257 3965 Pras
276 3913 308 3980 (B
315 3909 362 3979 T),
380 3907 501 3970 Ἰωνικῶς
519 3908 549 3962 Ψ
568 3916 617 3963 199
636 3913 667 3978 (Β
677 3912 708 3976 Τ)
727 3911 851 3971 Αἰολικῶς
872 3910 897 3962 Ν
914 3914 962 3961 257
984 3908 1033 3976 (Β),
1051 3913 1099 3959 buc
1117 3913 1196 3960 refero

183 3997 264 4067 σχῆμα
281 3999 344 4052 ἴδιοι
362 3993 471 4050 Αἰολέων
489 3999 564 4048 schol.
585 4000 607 4044 D
626 3997 649 4049 Θ
668 4001 725 4049 aot.
