2774 4710
183 280 221 339 111
581 278 794 342 -59-

181 451 314 527 exemplis
346 451 510 525 sufficiant,
546 452 639 526 magis
669 451 798 525 genuina
830 471 893 510 esse
924 450 1101 511 contendere
1138 469 1197 507 non

180 555 272 626 audeo,
296 554 436 632 quoniam
460 556 594 614 redactur
616 560 766 613 auctorem
789 556 941 613 decurtare
965 554 1049 612 solet.

255 729 285 784 p.
303 713 353 780 34,
369 709 416 769 17.
456 710 591 767 Formam
606 700 749 783 Ἰβύιιειον
764 716 886 767 tuentur
900 715 1052 784 poetarum
1070 708 1197 766 auctori-

179 818 216 870 tas
231 817 261 868 et
272 812 529 886 grammaticorum
546 811 724 871 testimonia.
740 812 816 869 Nam
832 812 978 870 adiectiva
992 830 1009 869 a
1023 810 1198 887 scriptorum

179 915 341 972 nominibus
357 914 497 986 derivata,
522 933 597 992 quae
621 915 761 973 desinunt
776 915 806 971 iu
831 914 874 986 ο-ς,
898 916 927 971 in
952 913 1015 981 εῖιῆ
1035 912 1102 972 duci
1121 932 1199 972 com·

179 1018 300 1091 probant

259 1169 289 1247 1)
313 1171 426 1230 Gallim.
450 1173 542 1246 epigr.
568 1177 595 1242 6,
621 1177 638 1227 3
662 1171 824 1248 (Wilam.):
853 1162 1013 1247 ‘Opripaacv
1043 1164 1075 1227 δὲ
1098 1169 1200 1226 καλεῦ-

317 1295 370 1347 ναι
391 1266 519 1351 reiaec-

260 1396 291 1473 2)
315 1394 430 1466 Kaibel,
459 1415 505 1472 ep.
539 1413 581 1468 gr.
614 1397 672 1452 195
702 1415 731 1452 v.
755 1398 790 1451 4:
821 1386 905 1450 εἰπόν
933 1386 1079 1473 Ἀραιίῳ·
1112 1394 1200 1469 γαῖαν

316 1494 392 1572 ἔχοις
415 1491 553 1571 ἐλαφρόν.

179 1602 224 1658 ubi
258 1620 297 1658 ex
324 1607 430 1675 poetae
464 1601 612 1659 sententia
637 1591 775 1677 Ἀραιείῳ
807 1600 995 1656 scribendum
1023 1599 1114 1657 fuisse
1137 1598 1201 1654 iure

180 1704 272 1761 editor
293 1703 456 1762 adnotavit.

261 1822 292 1898 3)
316 1822 477 1881 Herodian.
501 1823 534 1881 11
557 1844 585 1898 p.
609 1826 680 1897 442,
705 1827 722 1878 6
746 1822 822 1899 (L.):
855 1815 890 1877 roi
914 1813 972 1879 ἅπό
1003 1823 1062 1878 τῶν
1094 1818 1135 1888 εἰς
1166 1820 1202 1877 αν

177 1916 250 2001 ν’πὲρ
281 1924 352 1999 μίαν
374 1918 521 2000 συλλαβήν
544 1918 614 1982 ὅντα
637 1918 686 1982 daci
709 1926 763 1982 τοῦ
786 1926 830 1991 ιο“”ς
854 1919 1046 2002 παραγόμενοι
1075 1916 1125 1980 daci
1148 1925 1202 1981 τοῦ

177 2032 190 2086 i
212 2021 369 2105 γράφεται,
393 2018 459 2085 οἷον
486 2020 575 2085 Τιτάν
603 2019 747 2096 Τιτανιος,
775 2020 876 2084 Παιάν
902 2020 1059 2096 Παιάνιος.
1106 2019 1202 2106 τούτῳ

176 2133 214 2208 τῷ
246 2124 323 2212 λόγῳ
351 2128 402 2188 καὶ
424 2122 552 2204 Ἀλιιμνῖν
573 2122 745 2204 Ἀλκμάνιος
778 2123 900 2201 ὤφειλεν
924 2121 999 2186 εἶναι
1031 2121 1081 2187 daci
1103 2130 1156 2186 τοῦ
1177 2133 1201 2186 i.

176 2226 241 2291 ἀλλ’
263 2229 341 2290 ἔστιν
360 2225 559 2307 Ἀλκμᾶνειος,
584 2227 685 2307 ἐπειδὴ
708 2225 743 2288 roi
768 2230 815 2290 ἐπὶ
846 2234 1053 2309 πραγματειῶν
1079 2226 1128 2289 duci
1159 2230 1203 2288 dr·

176 2330 318 2415 φθόγγου
340 2331 484 2414 γράφεται
506 2327 570 2394 οἷον
592 2328 788 2410 Ἀλκμάνειος,
814 2329 1029 2412 Μενανδρειος,
1049 2327 1203 2411 Ἀριστάρ·
1318 2339 1321 2345 ’

176 2460 261 2515 χειος,
287 2433 482 2515 Εὐριπίδειος
504 2439 609 2515 (verba
631 2432 666 2496 roi
690 2436 737 2496 ἐπὶ
762 2440 968 2515 πραγματειῶν
992 2440 1027 2496 de
1047 2438 1203 2497 adiectivis

176 2542 318 2617 intellego
342 2563 416 2621 quae
440 2543 538 2618 operis
561 2543 711 2601 cuiusdam
732 2550 879 2633 auctorem
903 2543 1037 2600 indicant
1058 2542 1095 2600 cf.
1112 2541 1203 2598 schol.

177 2646 264 2704 Dion.
288 2645 357 2703 Thr.
381 2645 415 2702 Π
438 2649 497 2703 853
521 2643 641 2720 Bekk.).

263 2767 294 2842 4)
318 2765 525 2825 Herodianll
550 2771 620 2837 439,
644 2770 683 2823 32
708 2764 788 2843 (L.):
830 2758 1079 2839 Καλλιστράτειος,
1110 2755 1203 2841 Ἀρχε-

829 2862 987 2942 στρατεινς.

373 3017 390 3043 ,,
497 2972 625 3044 11441,
651 2977 688 3028 25
713 2969 791 3046 (L.):
826 2963 1054 3047 Ἀρισιαρχειος,
1073 2963 1203 3046 Ἡροδό-

830 3093 914 3141 τειος.

262 3249 291 3306 p.
320 3232 369 3301 35,
394 3233 421 3287 6.
466 3228 567 3301 Ratio,
600 3247 659 3306 quc
688 3227 782 3301 figura
812 3229 848 3283 ab
872 3230 899 3284 A
923 3227 998 3284 etL
1029 3225 1203 3301 explicetur,

181 3332 374 3389 offensionem
397 3332 542 3409 quandam
564 3333 695 3406 praebet.
741 3331 815 3388 Nam
846 3350 911 3388 cum
939 3330 1025 3389 initio
1048 3348 1143 3388 sermo
1167 3329 1206 3388 sit

179 3436 208 3491 in
231 3435 403 3493 universum
426 3436 462 3492 de
484 3434 670 3505 indictivis,
703 3454 762 3492 non
793 3435 828 3492 de
860 3441 941 3492 certe
962 3432 1116 3492 indicativi
1139 3451 1205 3507 per-

179 3557 258 3608 sona,
282 3537 381 3612 pergit
403 3540 430 3594 A
462 3533 502 3604 εἰς
535 3530 657 3611 μετοχιὶς
688 3529 808 3593 α’ναλύει
841 3529 884 3612 (cd
909 3536 1017 3611 σχῆμα)
1048 3527 1120 3609 μετα
1152 3534 1206 3591 τοῦ

180 3636 284 3717 ,ἐστίν’
308 3631 329 3712 ἢ
350 3636 450 3718 ,εἰμίζ
474 3640 498 3697 Β
522 3636 563 3706 εἰς
586 3633 717 3714 μειοχιὶς,
747 3632 786 3697 ια’.
812 3635 843 3696 δὲ
868 3636 972 3717 ,ἐστίν’
996 3631 1206 3714 προστιθέντες

180 3735 366 3815 οἷναλύουσιν,
399 3761 474 3821 quac
503 3744 603 3814 verba,
635 3762 698 3800 curn
731 3743 904 3817 scriptorem
935 3741 1034 3799 verbis
1061 3739 1205 3814 generali·

180 3847 233 3904 bus
264 3865 349 3902 usum
379 3845 556 3903 indicativos
585 3844 705 3902 dissolvi
727 3844 759 3901 in
782 3843 940 3920 participia
962 3843 1119 3902 coniuncta
1141 3862 1206 3900 cum

179 3949 340 4007 indicativo
385 3948 469 4007 verbi
514 3947 693 4007 substantivi
738 3947 907 4006 additurum
952 3966 1015 4006 esse
1053 3950 1205 4024 exspecte-
