2812 4710
187 445 272 485 verse
295 424 382 485 Lanr.
404 447 458 503 pro
483 420 580 502 ιινοήν
602 428 692 486 tradit
714 420 815 503 ψυχὴν
837 427 944 485 omissa
965 427 1053 486 simul
1068 431 1218 490 enuntiati

189 529 319 590 clausula
341 520 420 588 οἶδεν
442 519 460 586 c‘
483 522 580 607 λόγος.
620 530 704 588 Unde
734 534 858 606 apparet
885 531 984 588 recb
1015 535 1121 590 testem
1152 550 1219 592 esse

188 631 367 708 locupletem
390 632 573 692 recensionis
596 633 628 692 Β.

489 821 521 898 b)
554 821 607 879 De
629 822 915 881 Laurentiano.

276 938 364 1003 Quod
385 949 503 1019 praeter
525 942 613 1001 Laur.
644 943 701 1000 hoc
732 943 818 1001 modo
841 941 965 1000 alterum
989 944 1171 1003 recensionis
1194 946 1217 1003 Β

188 1047 293 1102 testem
316 1044 395 1101 haud
418 1045 616 1119 spernendum
638 1044 739 1104 nancti
761 1064 870 1117 sumus,
899 1063 933 1102 eo
958 1045 1015 1103 erit
1037 1049 1218 1122 exoptatius,

188 1145 238 1203 ubi
262 1165 299 1203 ne
321 1147 410 1204 huius
432 1146 540 1206 codicis
562 1152 711 1206 auctorem
735 1165 847 1205 summa
870 1147 928 1205 fide
951 1149 1147 1226 archetypum
1163 1168 1216 1208 ex-

188 1249 339 1324 pressisse,
363 1248 452 1307 immo
475 1249 652 1308 coniecturis
674 1249 831 1307 indulsisse
854 1250 1089 1325 cognoverimus.
1129 1251 1215 1314 Quod

189 1351 303 1409 duobus
326 1351 479 1428 exemplis,
505 1354 540 1410 de
563 1351 670 1431 quibus
694 1351 822 1410 dubitari
846 1373 905 1410 non
928 1357 1040 1428 potest,
1064 1354 1217 1429 probatur.

189 1453 275 1514 Prius
298 1455 387 1513 offert
409 1455 527 1514 schema
554 1449 747 1531 Τυρσηνικόιι,
771 1473 789 1511 a
810 1473 867 1514 rec.
889 1455 913 1511 B
936 1461 1052 1513 tantum
1075 1457 1215 1515 traditum

188 1556 230 1634 (p.
248 1562 296 1631 oo,
313 1557 354 1634 4).

314 1693 390 1739 Laur.
534 1694 538 1795 Ι
601 1694 677 1754 Ο(ρ.
699 1695 756 1750 272,
778 1693 820 1750 16)
881 1690 884 1789 l
1049 1691 1064 1737 b

223 1772 441 1841 Τυρσηνικύν
469 1773 537 1857 &cup
584 1773 884 1839 Τορσηνικύνέστιι
931 1773 1137 1840 Τυρσηνικύν
1162 1774 1219 1828 ἐστι

187 1857 215 1912 τύ
235 1857 282 1919 τοὶς
296 1861 405 1920 δεούσας
417 1857 523 1925 apernit·
550 1859 578 1912 τὸ
605 1858 651 1919 τὰς
677 1857 788 1920 δεούσας
812 1846 925 1927 apo-lab
953 1858 999 1919 τὰς
1023 1859 1133 1921 δεούσας
1159 1880 1218 1926 προ-

188 1979 238 2015 m„
258 1928 435 2030 μῑῖθχᾶςει)
465 1960 520 2016 pm.
550 1943 646 1997 τάττειν
675 1944 778 2010 πράξεις
812 1936 993 2025 luo-{torreo
1023 1946 1127 2010 πράξεις
1159 1942 1218 2000 διιο-

190 1996 371 2119 tungriam
401 2064 417 2119 ὰ
456 2083 487 2119 πε
506 2027 656 2116 ῑ.’ῑᾶτῖῑῑ”ι
683 2028 733 2084 ῠῖῦν
753 2029 1001 2098 ‘aspira-iturum.
1052 2036 1148 2092 reliqua
1183 2057 1218 2076 =

190 2083 448 2217 ιτατιὶσοιςφοιίιέύιοςἰ
469 2084 525 2203 α’δτὶ
551 2115 635 2180 τδσας
672 2111 782 2182 ἅνέστψ
816 2092 969 2169 colluam,

190 2237 235 2289 τοῦ
249 2234 361 2296 α’ναστοὶς
372 2236 524 2301 περιεπάτει.
550 2219 593 2253 του
620 2196 732 2261 ἀπιστὰς
753 2201 871 2267 περηπώ

190 2313 361 2387 καὶ”ομηρος
373 2314 409 2388 “δ
422 2321 451 2376 δὲ
463 2338 524 2390 χαι.
551 2302 636 2351 mm

192 2405 299 2472 σάμενος
360 2406 525 2476 πελεμίχδη”

191 2490 224 2554 (Ν
247 2493 306 2556 148)
340 2491 385 2545 καὶ
409 2486 525 2559 1ίἭφοιι·

192 2593 250 2637 στος
295 2575 364 2644 κοὶμε
406 2577 504 2645 τεύχων
512 2579 525 2601 ”

191 2662 224 2730 (Β
245 2665 313 2728 ιοι).
537 2628 541 2727 l

276 2771 381 2830 lllncet
402 2770 433 2827 in
456 2770 616 2847 archetypo
648 2770 787 2847 scriptum
810 2771 902 2830 fuisse
925 2765 1046 2847 πράξεις
1069 2774 1148 2851 qnod
1171 2793 1218 2831 re-

191 2873 267 2952 liqui
289 2878 380 2932 testes
402 2878 596 2933 servaverunt
628 2878 658 2932 et
679 2872 871 2931 Laurentiani
902 2872 998 2931 scriba
1027 2873 1090 2949 ipsc
1120 2876 1218 2949 primo

191 2976 320 3035 retinere
342 2975 462 3035 volebat
492 2975 519 3052 (e
543 2977 709 3052 corruptela
730 2967 851 3053 πράξειν
882 2974 957 3032 nihil
980 2977 1136 3054 sequitur),
1166 2981 1218 3037 sed

191 3099 258 3139 oum
288 3079 319 3137 in
350 3081 404 3139 hac
433 3099 507 3139 vocs
537 3080 715 3150 offenderet,
745 3076 824 3134 linea
856 3082 1026 3136 transversa
1054 3079 1164 3139 delevit
1187 3089 1219 3140 et

193 3176 316 3257 μετοχύς
338 3183 553 3259 superscripsit.

277 3285 412 3346 Alterum
435 3294 641 3361 argumentum
665 3303 682 3340 a
703 3283 752 3358 fig.
776 3283 835 3340 τῶν
859 3278 890 3341 ἐν
910 3277 1130 3366 Πελοποννήσῳ
1150 3287 1218 3342 Δω-

196 3382 283 3464 ριέων
306 3387 421 3464 (XIX),
454 3407 529 3466 quae
560 3387 658 3446 dativo
681 3406 734 3461 pro
758 3378 808 3443 διύ
831 3406 853 3447 ο.
876 3406 936 3447 acc.
959 3387 1091 3446 adhibito
1116 3387 1219 3461 oritur,

192 3494 270 3565 peto.
325 3491 399 3547 Nam
432 3489 624 3548 Laurentiani
657 3489 795 3561 scribam,
828 3509 893 3548 cum
923 3490 1050 3568 primum
1083 3496 1221 3549 exararet

194 3592 243 3673 ίτῇ
267 3583 442 3675 δικαιοσύνῃ
465 3586 675 3668 νενικήκαμεν’
700 3583 764 3647 ἀντὶ
786 3592 841 3648 τοῦ
863 3583 913 3648 διδ
940 3591 993 3666 τῆς
1019 3583 1220 3666 δικαιοσύνης,

193 3695 386 3772 archetypum
409 3700 541 3754 secutum
564 3714 644 3768 esse,
673 3695 768 3769 ipsum
795 3693 901 3752 deinde
924 3695 1093 3768 genetivum
1114 3695 1145 3751 in
1170 3696 1220 3752 da·

192 3797 286 3858 tivum
309 3798 469 3857 mutavisse
492 3795 664 3856 testimonio
688 3799 707 3853 b
730 3796 885 3856 evincitur.

263 3949 287 4015 l)
304 3951 432 3998 Librarius
448 3947 551 4015 πράξειν
569 3952 661 3998 lineola
678 3954 821 3997 transversa
839 3948 970 3996 delendum
987 3948 1113 3997 indicavit.
