2812 4710
612 235 822 302 —64-
1179 230 1227 295 m

285 432 313 492 p.
325 419 374 487 41,
392 414 457 474 tn.
481 406 630 489 ἐκφράσει.
651 412 737 471 Hane
754 431 857 471 vooem
871 410 1038 488 significare
1055 410 1230 485 descriptio·

200 536 268 575 nem
287 516 520 576 luculentissime
540 517 625 574 dooet
643 515 730 573 Dion.
747 516 787 574 H.
802 524 856 575 art.
873 517 948 574 reth.
969 519 1016 587 10,
1036 513 1091 573 17:
1107 508 1230 570 oduuino

200 611 371 695 ἁμάρτημα,
404 616 437 674 αἱ
459 611 638 690 καλούμεναι
661 611 828 691 ἐκφράσεις,
853 618 1001 693 πο11αχοῦ
1024 610 1076 674 τόν
1099 617 1230 691 χειμῶνα

199 715 325 800 γράφειν
355 717 405 777 καὶ
436 713 560 794 λοιμοάς
590 717 641 777 καὶ
670 713 774 794 tapetia
802 717 853 777 καὶ
881 712 1060 797 παρατάξεις
1089 716 1138 776 κα1
1166 709 1230 794 άρι·

200 824 310 896 στείας;
345 831 375 882 et
397 824 507 883 Theon.
533 843 677 900 προγυμν.
708 828 740 880 11
775 823 838 900 (Sp.
862 825 918 882 Rh.
942 823 992 883 Gr.
1016 824 1047 880 ΙΙ
1073 824 1160 895 118).
1194 824 1232 879 ο1.

200 932 355 1002 praeterea
381 925 541 984 callistrati
573 920 739 1001 ἐκφράσεις.
784 926 844 984 Hie
872 933 970 984 autem
1001 944 1105 983 sensus
1127 945 1147 982 a
1169 932 1234 982 tota

200 1028 457 1104 argumentatione
480 1028 626 1087 dissentit.

285 1153 315 1208 p.
337 1137 386 1204 42,
415 1133 535 1189 17-22
561 1139 594 1202 A,
620 1152 649 1209 p.
673 1137 723 1205 43,
748 1136 850 1191 8-12
875 1133 908 1191 Β.
953 1131 1037 1195 Quae
1062 1133 1099 1188 de
1123 1133 1231 1188 lonum

201 1235 250 1309 fig.
274 1234 411 1310 exposita
433 1243 510 1305 sunt,
533 1253 653 1308 magnas
676 1235 867 1293 difficultates
889 1243 1004 1309 parant.
1039 1233 1127 1297 Quod
1152 1233 1232 1290 enim

201 1340 238 1395 ab
262 1340 289 1395 A
313 1336 439 1395 traditur
460 1336 528 1394 illos
544 1339 641 1395 dieere
657 1332 859 1415 ιἐξερχόμενος
875 1333 967 1404 ἔδωκε’
983 1334 1048 1410 μοι’
1064 1355 1119 1410 pro
1138 1332 1232 1414 ιἐξερ-

203 1435 315 1520 χομένῳ
339 1435 431 1496 ἔδωκε’
454 1437 520 1514 μοι’
543 1440 605 1513 (ita,
629 1447 662 1499 ut
677 1440 877 1498 nominativus
893 1441 1071 1498 antecedens
1085 1441 1116 1496 in
1134 1438 1233 1497 looum

203 1541 296 1601 dativi
325 1541 430 1618 aedat),
460 1542 549 1601 etiam
579 1543 706 1601 Atticam
737 1542 860 1616 figuram
893 1543 963 1600 oriri
995 1543 1029 1624 τῇ
1066 1539 1234 1620 ἐπιφορικῇ

204 1638 312 1720 φράσει
345 1643 637 1721 προσυνταττομὲνης
669 1639 768 1718 ὀρθῆς
799 1638 937 1713 πτώσεως
969 1637 1035 1702 dost
1065 1636 1234 1721 γενικῆςῆ

203 1748 323 1823 δοτικῆς
345 1747 386 1824 (ρ.
403 1752 452 1818 41,
470 1753 551 1804 6-9
570 1746 607 1822 Δ)
631 1747 796 1806 audivimus
821 1765 917 1826 neque
940 1749 1100 1826 quidquam
1122 1748 1232 1804 Ionum

203 1851 298 1925 figura
320 1851 356 1908 ab
371 1852 473 1910 Attica
495 1851 580 1908 modo
604 1858 705 1909 notata
718 1851 861 1908 differret.
890 1850 1085 1909 Reeensionis
1100 1850 1124 1905 B
1140 1857 1233 1906 testes

204 1954 283 2012 inter
306 1973 337 2011 se
360 1953 547 2013 dissentiunt.
591 1954 664 2010 Nam
690 1955 795 2010 Ionum
818 1963 863 2011 est

289 2057 449 2114 seeundum
472 2055 496 2112 L
519 2049 551 2112 τά
575 2048 741 2131 πλαγιάζειν
764 2051 812 2112 ἐπὶ
836 2047 888 2123 τάς
910 2049 1032 2123 εὐθείας

357 2203 374 2231 ,,
472 2157 496 2215 Ο
530 2203 547 2230 ,,
634 2204 651 2229 ,,
759 2153 806 2214 ἐπὶ
831 2161 896 2226 ταῖς
917 2149 1050 2224 εὐθείαις

357 2306 374 2333 ,,
471 2262 489 2318 b
526 2306 543 2332 „
631 2305 647 2331 „
756 2252 810 2328 τάς
833 2251 960 2328 εὐθείας.

205 2360 401 2443 (πλαγιάζειν
439 2363 594 2421 transitive
624 2363 749 2437 proferri
780 2364 856 2421 solet
886 2383 973 2421 sensu
1007 2364 1036 2419 in
1068 2364 1234 2441 obliquum,

206 2477 406 2525 transversum
429 2466 577 2524 flectendi.
622 2466 729 2545 Itaque
753 2467 783 2523 in
806 2468 895 2524 rebus
918 2465 1117 2539 grammaticis
1140 2466 1233 2539 signi-

206 2568 275 2628 fieat
291 2589 390 2646 ,easus
409 2576 505 2626 reatos
525 2569 553 2624 in
576 2569 712 2647 obliquos
732 2566 926 2639 convertere',
945 2568 992 2627 vel
1008 2569 1146 2646 ,verbum
1164 2587 1233 2626 nasu

206 2671 326 2748 obliquo
350 2669 508 2746 proferre’,
541 2672 575 2727 ef.
601 2672 690 2729 sohol.
714 2691 772 2728 ree.
795 2671 885 2745 Soph.
909 2671 952 2728 111.
978 2671 1056 2728 ³67:
1080 2664 1111 2726 τό
1137 2665 1232 2748 ιε’ξόπ

207 2770 355 2833 ....καὶ
377 2765 432 2830 ὅσα
465 2764 535 2828 dita
559 2766 697 2849 ου’δέτερα
720 2767 867 2848 μετοχικά,
891 2765 1031 2830 οάὸἑποτε
1055 2770 1085 2830 οἱ
1102 2766 1233 2830 Ἀττικοὶ

208 2869 427 2953 πλαγιάζουσιν,
451 2869 499 2932 ὅτε
522 2868 705 2952 πλαγιασμόν
728 2869 862 2945 σύνταξις
884 2867 1009 2934 άπαιτεῖ.
1037 2876 1147 2934 Nostro
1171 2878 1234 2936 1οοο

208 2970 408 3056 (πλαγιάζειν
431 2980 467 3037 ab
490 2980 514 3036 L
538 2978 614 3036 etO
647 2979 780 3037 absolute
810 2980 937 3056 positum
971 2998 1034 3036 esse
1065 2998 1119 3053 pro
1148 2998 1233 3056 ,easu

207 3083 329 3161 obliquo
352 3079 411 3141 uti’
435 3079 610 3140 sumendum
636 3090 721 3151 esset,
746 3089 778 3139 ut
798 3083 869 3138 haee
885 3081 1052 3140 efficeretur
1067 3083 1234 3139 sententia:

184 3186 295 3243 ·Iones
318 3203 401 3242 oasus
425 3185 561 3260 obliquos
583 3184 722 3242 adferunt
744 3185 778 3240 ad
802 3191 899 3242 reatos
921 3183 969 3242 vel
992 3203 1076 3242 casus
1097 3182 1235 3262 obliquos

207 3287 363 3363 proferunt
393 3289 477 3345 iuxta
506 3297 610 3344 raetos.
657 3284 738 3348 Quae
761 3289 852 3344 verba
873 3307 932 3344 non
957 3288 1104 3364 quadrant
1127 3287 1157 3342 in
1184 3308 1233 3344 ex-

208 3390 336 3465 emplum
359 3409 376 3446 a
398 3390 421 3445 B
445 3397 591 3447 servatum
627 3385 830 3467 ίἐξερχομέαου
861 3384 954 3445 ἔδωκε’
976 3386 1051 3461 μοι’,
1083 3389 1132 3446 sed
1164 3409 1234 3467 qua-

208 3496 293 3551 drare
323 3492 416 3550 videri
448 3500 572 3567 possunt
602 3494 632 3548 in
661 3492 830 3566 exemplum
852 3493 888 3548 ab
911 3495 938 3549 A
962 3491 1081 3549 allatum
1106 3486 1234 3570 ,idropi-

209 3615 296 3670 μενος
318 3590 411 3651 ἔδωκε’
434 3586 510 3666 μοι’.
556 3598 598 3652 At
629 3615 665 3652 ne
693 3594 882 3669 decipiamur.
926 3595 1025 3652 Verba
1047 3595 1126 3652 euim
1150 3596 1234 3652 abL

209 3704 240 3755 et
262 3698 286 3755 Ο
311 3697 418 3755 tradita
440 3717 498 3754 non
523 3697 609 3755 aliter
631 3697 764 3770 intellegi
788 3703 913 3772 possunt
942 3716 1028 3775 quam
1052 3697 1109 3755 hoe
1131 3699 1234 3755 modo:

209 3819 292 3857 casus
330 3799 465 3876 obliquos
497 3819 576 3857 more
607 3800 727 3858 insolito
758 3807 825 3875 post
857 3800 1057 3858 nominativos
1090 3801 1234 3870 adhiberi,

210 3903 239 3959 id
273 3904 350 3979 quod
383 3902 547 3959 sententiae
570 3903 729 3960 reductoris
754 3911 788 3970 A,
812 3920 898 3980 quam
924 3921 1001 3958 nune
1024 3903 1158 3976 legimus,
1192 3922 1233 3960 ro-
