2812 4710
191 241 228 311 11
603 232 814 302 -ιι-
921 239 944 329 s

192 413 292 473 neutri
315 412 434 487 generis
457 413 589 490 epitheta
612 413 773 472 masculina
788 417 819 472 et
833 412 977 472 feminina
991 410 1221 487 coniunguntur.

171 599 173 602 y
192 518 345 577 Posterior
367 537 434 593 pars
456 516 499 574 ita
520 516 663 575 traditur:

322 653 396 700 Laur.
703 653 719 698 b
1049 655 1070 700 Δ

228 738 263 801 (p.
278 739 319 798 ³3,
332 741 376 798 26)
391 732 486 800 ὁμοίως
498 733 527 787 δὲ
588 730 697 802 ,ὁμοίως
715 733 745 788 δὲ
763 735 807 787 καὶ
822 739 876 794 τοῖς
935 732 984 787 Εὖ
993 733 1073 803 βο[ε]
1083 732 1166 793 ικόν,
1186 730 1223 793 oia

192 821 237 873 καὶ
254 825 307 880 τοῖς
320 815 462 885 οὐδετέροις
473 815 526 873 οἰό·
554 815 695 886 οὐδετέροις
702 817 823 886 ὀνόμασιν
832 815 874 884 α’ρ-
901 818 928 873 τὰ
948 817 1027 886 ,altile
1039 818 1137 873 παιδίον
1149 820 1221 889 βαδί-

193 923 270 973 μαοιν
288 901 409 970 ἀρσενικὰ
424 905 470 958 καὶ
482 908 527 970 ‘lq-
555 904 641 958 σενικοὶ
653 905 698 958 καὶ
710 904 809 970 θηλυκὰ
823 904 874 957 ezl-
903 908 951 968 ζων
961 907 974 956 ’.
994 901 1146 969 Ου’δετέροις
1171 904 1220 972 γὰρ

193 990 257 1046 inani
277 991 382 1044 ἐπίὲετα
398 989 442 1043 καὶ
455 1007 526 1056 μετο-
554 993 616 1043 Sara
642 990 686 1043 ael
704 989 814 1059 μετοχὰς
832 991 875 1054 α’ρ-
902 987 1014 1057 ὀνόμασι
1041 988 1222 1044 ουντοὶοοοοοιν

192 1076 242 1146 qa<
267 1073 403 1142 οἷρσειικοὶς
428 1094 456 1128 τε
483 1075 528 1128 καὶ
555 1073 656 1136 σενικοὶς
666 1093 694 1129 τε
707 1075 751 1129 καὶ
761 1074 875 1144 θηλυκᾶς
901 1073 1032 1142 οἱροενικόν
1051 1077 1095 1129 καὶ
1110 1074 1221 1142 tritonii

193 1161 309 1229 θηλυκοῖς
333 1169 378 1226 (so.
396 1161 526 1229 ἐπιφέρου·
552 1162 718 1229 ἐπιφέρουσιν,
746 1161 795 1216 οἷον
821 1159 875 1228 ,eil
901 1161 1014 1214 ἐπίῆετον
1033 1163 1077 1215 καὶ
1104 1159 1221 1230 μετοχοὶς.

194 1266 232 1301 σιν
262 1249 285 1301 οἱ
314 1242 443 1317 Εὐβοεῖς),
477 1244 526 1300 οἷον
553 1246 747 1315 φυήςποιιδίον’
765 1247 875 1313 καὶ,κο”
902 1245 938 1306 οἷς
956 1241 1133 1312 καὶὍμηρος
1150 1250 1221 1313 ,se-

192 1331 275 1400 ίη’διὶς
286 1332 399 1386 παιδίον’
415 1333 459 1385 καὶ
471 1331 526 1398 ,aest
554 1351 603 1399 prov
616 1332 753 1398 aalltom’
766 1332 810 1384 acl
821 1329 875 1398 ιγιὶ-
902 1331 945 1397 ρόν
954 1351 992 1385 τοι
1000 1333 1067 1418 (καὶ)
1087 1332 1147 1400 ἐγώ,
1165 1333 1220 1386 τέκ-

195 1419 396 1484 ριονκαλλίοτη’
415 1416 526 1484 καὶιγύ-
553 1436 619 1470 votor
658 1417 796 1485 ἐρχομέιη’
832 1417 876 1470 καὶ
901 1437 941 1471 νον
975 1421 1047 1485 φίλε,
1083 1418 1157 1472 τοῦτο
1185 1419 1221 1473 δί·

192 1523 258 1557 ναιοι
302 1500 440 1572 ἐρχομένη’
483 1503 527 1555 καὶ
554 1499 697 1568 ,μειράκιον
719 1502 812 1567 λέγων’
832 1503 876 1555 καὶ
902 1505 992 1569 δωμι”.

194 1587 338 1656 ίμειροὶκιοιι
357 1589 460 1656 λέγων’.
483 1588 527 1640 καὶ
538 1577 542 1646 l
554 1584 738 1654 ίῆδύςτιοιιδίοι
747 1587 875 1657 [latitaret

187 1672 308 1741 Ὅμηρος
335 1674 439 1740 „tineos
459 1674 526 1740 φίλε,
555 1674 599 1726 καὶ
620 1669 740 1739 Ὄμηρος
768 1716 782 1740 η
791 1674 874 1727 τέκνον

191 1762 267 1814 reiro
284 1760 379 1827 δίδωμι
388 1763 400 1784 ”
419 1763 443 1828 (ο
459 1759 527 1818 125).
553 1760 619 1826 φίλε,
648 1762 721 1812 τοῦτο
750 1759 874 1824 δίδωμι”.

281 1868 456 1944 Exemplum
489 1858 577 1947 ,illie
607 1863 728 1923 παιδίον
756 1862 898 1938 βαδίζων’
923 1868 1050 1926 occurrit
1072 1869 1219 1943 integrum

192 1974 270 2047 apud
294 1976 320 2030 Α
344 1977 374 2030 et
395 1971 424 2043 b,
447 1970 614 2028 mutilatum
637 1969 667 2026 in
692 1968 796 2039 Laur.;
820 1988 907 2043 porro
931 1971 1033 2027 eodem
1057 1971 1137 2044 loco,
1161 1991 1219 2050 quo

192 2077 280 2132 Laur.
306 2064 397 2154 ‘vitale
419 2066 552 2130 natiliov’
569 2072 699 2147 praebet,
715 2091 773 2130 rec.
790 2071 808 2128 b
824 2072 914 2131 habet
930 2063 1060 2153 ίεὐφυής
1076 2069 1220 2133 παιδίον’.

192 2177 259 2236 Ηοο
282 2175 439 2235 discrimen
461 2175 503 2234 ita
524 2173 664 2250 explicari
689 2179 802 2248 potest,
831 2179 864 2232 ut
887 2175 1016 2234 dicamus
1039 2177 1220 2235 redactorem

191 2282 211 2338 b
235 2299 274 2339 ex
296 2283 322 2336 A
345 2278 530 2338 transtulisse
562 2268 654 2359 ίἡδύς
677 2274 799 2334 παιδίον
822 2273 965 2351 βαδίζων’
989 2284 1035 2351 et,
1066 2299 1103 2336 ne
1133 2288 1215 2339 ante·

191 2384 298 2442 cedens
327 2372 418 2462 ‘afflig
445 2371 581 2438 coiliov'
611 2380 662 2437 ab'
678 2380 839 2456 archetypo
872 2381 1002 2439 oblatum
1034 2384 1215 2458 superfluum

190 2485 290 2557 fieret,
323 2482 483 2542 mutavisse
513 2482 700 2541 adieetivum.
746 2481 857 2541 Temen
888 2484 1043 2559 scrupulus
1073 2493 1215 2545 remanet.

190 2586 297 2664 Neque
328 2587 407 2644 enim
437 2584 637 2660 intellegitur,
668 2604 720 2642 our
749 2585 809 2642 red.
833 2585 852 2642 b
859 2630 867 2657 ,
897 2587 920 2644 si
944 2606 1015 2646 vero
1037 2589 1216 2664 archetypus

190 2680 284 2765 ,viiie
306 2684 438 2746 caeitov’
463 2688 615 2759 offerebat,
637 2687 695 2745 hoo
718 2705 755 2743 ex
779 2692 802 2743 A
829 2708 887 2746 non
911 2690 1103 2766 suppleverit,
1125 2692 1215 2751 immo

190 2812 301 2851 novum
324 2792 501 2851 adiectivum
524 2791 747 2865 excogitaverit.
782 2791 841 2851 Fac
863 2794 1080 2867 contremet,
1098 2795 1214 2873 qualem

188 2901 336 2967 tenemus,
358 2896 550 2972 archetypum
575 2893 764 2969 expressisse,
787 2894 979 2955 Laurentiani
1001 2903 1098 2956 autem
1114 2906 1214 2958 aucto·

188 3015 252 3054 rem
283 2998 453 3069 resecuisse,
484 2997 637 3069 mirabere,
667 2997 746 3055 hune
776 3016 835 3054 non
860 2990 991 3077 ιεὐφυὴς
1012 2997 1146 3058 παιδίον’
1169 3021 1214 3060 re·

188 3099 323 3173 tinuisse,
353 3119 456 3160 verum
489 3119 527 3157 ex
557 3098 725 3176 insequenti
756 3099 892 3174 exemplo
915 3100 1088 3158 attributum
1112 3094 1213 3182 ‘itte’

187 3201 321 3277 recipere
345 3202 481 3260 maluisse
503 3201 627 3280 reliquis
650 3202 801 3276 neglectis.
835 3201 933 3264 Quare
949 3203 1028 3260 huno
1043 3201 1137 3262 locum
1155 3225 1214 3263 non

188 3304 304 3382 liquere
327 3306 477 3366 concedes.
1084 3293 1086 3298 ’

275 3405 444 3481 Quaeritur,
466 3428 536 3465 num
552 3427 610 3467 rec.
626 3408 645 3466 b
669 3427 685 3466 e
701 3407 901 3466 Laurentiano
918 3407 1052 3466 derivata
1067 3407 1114 3468 sit.
1148 3409 1214 3468 Hoc

188 3511 393 3584 denegandum
416 3529 480 3570 esse
502 3512 596 3583 docet,
626 3523 660 3569 ut
689 3513 724 3569 de
747 3512 812 3569 aliis
834 3518 955 3583 taceam,
980 3509 1213 3570 luculentissime

188 3613 358 3689 exemplum
381 3633 397 3671 e
420 3613 564 3688 Gregorio
587 3613 658 3672 Naz.
682 3621 831 3689 sumptum
863 3614 897 3691 (s.
920 3615 1028 3673 schem.
1052 3610 1215 3692 ἕτερογενές

187 3737 218 3792 p.
239 3717 298 3794 12).
341 3717 432 3775 Recte
463 3716 584 3773 enimb
615 3717 688 3773 haec
719 3717 808 3774 habet
834 3708 910 3791 παρ’
933 3713 1039 3775 ἑαυτοῦ
1064 3712 1094 3774 δὲ
1117 3710 1214 3792 πνοὴν

189 3815 288 3887 ἐνθεὶς
310 3812 327 3877 3
350 3811 386 3894 δὴ
410 3811 516 3896 voeptlu
537 3811 639 3894 ψυχήν
662 3809 741 3876 οἶδεν
767 3810 785 3875 ὅ
806 3811 893 3895 λόγος
919 3825 949 3877 et
980 3840 1044 3878 oum
1077 3822 1211 3896 Gregorii

187 3923 338 3982 codicibus
362 3921 563 3997 conspirantia
585 3927 615 3980 et
637 3924 672 3980 ad
697 3922 873 3980 seutentiam
897 3924 1123 3996 accommodata,
1146 3943 1211 3998 per·

989 4031 1006 4084 2
