2812 4710
594 268 637 278 -
682 228 722 297 68
767 267 808 278 -
1118 198 1212 293 ¹111

271 407 429 466 Praeterea
474 397 675 464 ὑποτακτικοῦ
715 404 884 482 συνδέσμου
921 405 1104 466 mentionem
1141 406 1215 465 fucit

186 511 313 568 Thomas
335 510 479 583 Magister
501 530 523 567 s.
546 530 575 569 v.
599 507 626 566 εἰ
647 509 704 586 (ed.
721 511 837 569 Ritschl
855 531 886 587 p.
906 511 995 587 132):
1020 507 1144 586 γίνωσκε
1162 505 1212 566 καὶ

186 613 274 670 τοῦτο
298 604 344 668 ὅτι
367 602 731 681 οὖδέποτε.ὗποτακτικο“ς
753 605 915 687 σύνδεσμος
937 608 1067 687 μέλλοντι
1088 604 1214 670 σνντοὶσ-

187 731 276 787 σεται,
299 705 364 771 οἷον
395 705 449 792 ιαἰ)
481 711 587 785 ἔσται’,
621 707 673 794 (ἢν
705 708 871 792 γενήσεται’
905 711 955 773 καὶ
989 708 1044 773 ὅσα
1077 716 1214 787 τοιαῦτα,

187 818 299 876 etiamsi
325 817 469 875 Aristides
486 809 580 895 ικόἱνζ
603 818 689 877 Plato
706 811 820 897 ιιἰ’ταν’ν
843 819 1031 896 Thucydides
1047 815 1129 896 ,l'vc'
1146 838 1213 877 cum

186 921 241 982 fut.
272 920 461 994 coniungant.
516 921 620 980 Eluoet
649 922 779 981 Thomas
804 924 841 979 M.
874 922 965 981 menti
997 921 1111 980 easdem
1144 940 1215 980 oon-

186 1023 353 1081 iunetiones
376 1041 448 1100 quas
470 1023 631 1098 Apollonio
654 1033 684 1082 et
706 1028 864 1102 Anonymo
886 1026 963 1100 apud
986 1024 1082 1085 Beklr.
1106 1025 1216 1083 obver-

186 1132 264 1184 satas
286 1143 358 1196 esse,
382 1125 432 1182 sed
457 1126 491 1182 de
515 1126 733 1185 constructione
755 1145 852 1184 earum
878 1126 964 1184 aliter
986 1127 1104 1185 iudicat.
1137 1127 1216 1183 Nam

187 1227 289 1286 Graeci
320 1228 463 1285 sermonis
495 1227 574 1302 leges
605 1229 690 1287 nobis
720 1230 858 1304 probatas
880 1229 968 1288 etiam
992 1228 1043 1287 ille
1066 1229 1214 1304 agnoscit,

187 1351 251 1389 oum
274 1350 303 1405 p.
331 1333 399 1402 131,
422 1335 440 1389 6
464 1321 496 1386 td
521 1322 616 1408 ‘dolel
647 1324 679 1388 td
703 1323 785 1410 ,defi
818 1324 849 1388 τὸ
874 1323 971 1410 ,advss
1002 1323 1034 1389 sd
1058 1323 1138 1410 (ἦν’,
1163 1328 1214 1387 καὶ

187 1426 219 1491 τό
243 1425 340 1512 ιὅταν’
365 1452 480 1509 semper
503 1432 699 1493 coniunctivis
722 1435 800 1509 apud
824 1435 962 1510 optimos,
984 1440 1082 1492 tamn
1107 1431 1140 1510 (l.
1163 1434 1214 1509 15)

187 1529 219 1594 τὸ
244 1533 325 1615 ιἳ’να’
356 1532 406 1592 καὶ
440 1528 474 1592 τό
506 1529 621 1614 ιἔπαις’
654 1533 705 1592 καὶ
736 1529 808 1609 μετα
840 1527 1042 1594 ὑποτακτικοῦ
1065 1534 1116 1593 καὶ
1140 1531 1215 1611 μετα

187 1629 324 1696 εὐκτικοῦ
354 1639 466 1697 conecti
497 1638 663 1697 contendat.
709 1639 843 1698 Retinuit
872 1639 963 1714 igitur
998 1658 1120 1711 nomen,
1149 1659 1213 1698 rem

187 1745 328 1799 mutatam
361 1741 459 1802 habet.
509 1742 614 1820 Neque
646 1741 702 1800 hoc
735 1742 888 1813 miramur,
922 1742 972 1820 qui
1006 1742 1216 1817 obstupuimus

189 1843 351 1903 doctrinam
375 1851 461 1903 antea
483 1851 624 1903 notatam.
659 1841 752 1905 Quam
775 1864 895 1920 prorsus
918 1863 1085 1921 perversam
1109 1844 1216 1902 existi-

188 1967 267 2005 mare
289 1966 349 2004 non
373 1947 580 2019 dubitaremus,
611 1947 667 2007 nisi
691 1954 881 2006 excusaretur
902 1948 1089 2026 aliquatenus
1112 1948 1214 2022 dispu-

186 2051 256 2109 tatis
279 2052 315 2108 ab
339 2051 437 2127 Apoll.
463 2052 549 2128 Dysc.
574 2052 608 2108 de
632 2058 740 2111 constr.
764 2055 834 2121 268,
863 2056 1016 2123 16—269,
1044 2055 1089 2108 10.
1134 2051 1212 2107 Nam

187 2173 225 2210 ex
247 2154 335 2212 huius
358 2155 537 2229 grammatici
562 2154 696 2212 doctrina
718 2154 794 2212 sicut
817 2153 1041 2213 coniunctiones
1066 2153 1214 2211 adiuncti-

186 2277 241 2316 vae
265 2255 483 2316 coniunctivum
514 2262 628 2314 tantum
659 2275 757 2315 secum
780 2258 907 2329 habent,
939 2257 982 2315 ita
1004 2255 1215 2314 coniunctivus

187 2381 251 2419 cum
276 2353 363 2438 ίἕοὶν’
387 2360 480 2419 simin.
514 2355 563 2417 ἐπὶ
593 2355 732 2435 μέλλοντα
763 2355 880 2437 φέρεται
908 2352 1109 2435 ἢένεστῶτα·
1145 2351 1218 2436 ιἒαν

188 2463 336 2541 φιλολογοί
365 2455 598 2539 παραγενήσεται
622 2461 717 2520 Δίων’
748 2464 797 2522 vel
821 2460 885 2542 ίἵνα
907 2456 1093 2539 φιλολογήσοι
1117 2480 1214 2535 παρα-

188 2557 334 2643 γενήσεται
364 2557 509 2642 Τρύφων’
532 2572 584 2624 aut
603 2564 844 2644 ιπαρογίνεται’;
867 2565 1056 2641 praeteritum
1072 2565 1215 2622 accedere

188 2686 274 2745 posse
296 2673 392 2743 negat,
417 2669 494 2746 quod
518 2675 579 2727 tum
604 2669 718 2727 demum
743 2668 939 2728 coniunctivis
962 2687 1028 2726 cum
1044 2663 1120 2744 ,ive’
1144 2685 1215 2741 par-

188 2771 278 2830 ticula
312 2770 432 2829 conexis
464 2771 573 2848 apponi
605 2792 691 2847 posse
723 2772 827 2843 docet,
858 2770 881 2828 si
914 2767 990 2849 ‘iva’
1022 2788 1111 2827 sensu
1144 2789 1216 2827 cou-

187 2872 348 2933 iunctionis
371 2873 495 2932 causalis
517 2875 698 2949 proferatur:
723 2870 787 2952 ,l'vo
810 2865 995 2950 φιλολογήσοι
1018 2865 1213 2949 παρεγενήθη

194 2967 393 3053 Τρύφαινέ
405 2972 497 3055 (διότι
519 2969 716 3053 ἕφιλολόγιγσα
739 2996 769 3032 π.
792 2975 838 3034 T.'
876 2976 926 3035 Oui
952 2975 1103 3035 doctrinae
1119 2996 1214 3054 quan-

189 3099 276 3156 quam
305 3079 444 3155 permulti
477 3079 651 3154 soriptorum
684 3079 740 3137 loci
763 3058 965 3153 refragantur,
995 3079 1093 3154 Apoll.
1124 3078 1215 3156 Dysc.

189 3181 262 3240 tales
284 3182 452 3253 iuncturas,
477 3201 550 3260 quas
572 3201 625 3257 pro
648 3181 762 3241 illicitis
784 3182 893 3240 habere
917 3182 1035 3255 debuit,
1065 3182 1215 3258 explicare

191 3292 220 3343 et
242 3303 306 3341 oum
331 3285 469 3342 universa
491 3303 543 3342 sua
559 3282 706 3342 sententia
722 3284 879 3342 conciliare
895 3303 1015 3359 prorsus
1031 3284 1166 3360 neglexit
1177 3285 1214 3362 ¹).

191 3387 299 3444 Noster
321 3387 447 3461 scriptor
469 3394 633 3462 temporum
657 3387 686 3444 in
711 3387 865 3446 enuntiato
885 3387 1025 3462 primario
1040 3386 1214 3446 varietatem

192 3488 310 3547 omniuo
333 3508 392 3546 non
417 3508 540 3563 curasse,
563 3509 666 3548 verum
688 3489 719 3546 in
743 3510 777 3549 eo
794 3489 978 3569 acquievisse
993 3489 1119 3561 videtur,
1135 3490 1214 3566 quod

191 3598 259 3666 post
279 3591 439 3666 particulas
461 3591 644 3652 adiunctivas
667 3592 886 3652 subiunctivum
910 3611 1025 3668 semper
1044 3592 1213 3667 ponendum

195 3744 396 3752 -----——-..

262 3826 287 3888 1)
305 3844 320 3892 γ
339 3831 352 3875 2
372 3830 403 3875 de
419 3829 483 3876 coni.
502 3829 559 3886 510,
579 3831 618 3878 29.
638 3830 665 3875 Β.
688 3831 744 3888 24³,
769 3831 800 3877 28
826 3829 900 3877 Schn.
925 3835 1065 3889 suspectum
1090 3843 1144 3876 esse
1171 3845 1214 3877 suo

193 3913 245 3959 iure
263 3921 346 3962 censet
364 3915 445 3975 Uhlig.
