2812 4710
107 452 214 510 γωμεν,
245 425 322 508 πρός
352 429 452 510 ἕτερον
476 429 508 492 δὲ
530 428 604 492 dcc·
634 428 719 493 ω’παυ
741 430 876 513 λέγομεν,
909 425 974 491 οἷον
998 425 1130 514 ίιπαὶντες

109 528 274 609 τεινώμεθα
307 531 357 593 καὶ
387 531 423 593 οὐ
453 530 529 614 πρὸς
556 530 606 595 τόν
633 531 793 615 Αἰγύπτιοι
816 530 886 594 τάδε’
904 533 1039 615 λέγουσιν
1062 533 1129 613 περὶ

109 629 311 714 α’δτκήσαντα,
357 631 422 698 οἷον
460 632 531 721 ‘tyci
574 634 606 697 dd
632 631 742 714 ὗμῶν”
765 635 814 696 καὶ
833 632 932 710 πάλιν,
956 632 1129 708 εἰἈλεξαν-

109 733 182 797 ἰδών
204 762 268 798 τινα
292 734 457 816 βλάπτοντα
483 736 534 800 τόν
555 738 605 800 πέ-
633 740 753 819 ὃρεῦσιν
768 735 953 817 ἐπιπλήττων
969 731 1043 815 ὑπὲρ
1059 735 1129 798 ἆτα-

106 846 159 911 tac
201 834 285 900 εἶπον
315 836 392 921 πρὸς
421 837 514 903 αὐτόν
548 835 606 926 ίὥς
633 843 696 915 §tce
725 841 797 902 εἴπω
832 842 1004 925 (Θηβαίους
1034 835 1130 921 educit}

109 937 222 1013 ἀδικεῖς
244 938 295 1003 cdv
317 942 436 1014 aaa&
633 939 833 1015 ἀτακτοῦντας
868 939 936 1003 τόδε
975 942 1026 1003 καὶ
1062 938 1129 1003 τόδε

633 1040 742 1107 εἷπον’.

676 1169 758 1228 Haec
775 1169 872 1228 hausit
887 1169 933 1227 W.
951 1188 966 1225 e
981 1167 1130 1226 codicibus

632 1272 753 1330 alterius
783 1271 972 1331 recensionis.
1022 1272 1131 1329 Contra

633 1375 758 1443 eParis.
775 1379 857 1432 3032
876 1375 1036 1448 ‘diversam
1052 1391 1069 1430 a
1084 1392 1130 1430 ce·

633 1477 705 1536 teris
741 1476 942 1534 recensionem
977 1475 1130 1555 sequenti’

632 1581 682 1655 Sp.
713 1600 741 1654 p.
775 1584 830 1636 49:
867 1569 1130 1653 Ἑτεροπρόσ-

634 1704 737 1742 ωπον
754 1679 786 1740 δέ
802 1678 878 1740 ἔστιν
890 1671 1025 1756 ὗποβολῆ
1037 1696 1130 1756 προσ-

634 1780 718 1846 ώπου
741 1787 795 1844 τοῦ
820 1780 971 1862 λέγοντας,
996 1774 1037 1851 ὥς
1058 1775 1131 1841 ὅταν

634 1883 731 1948 dccciv
762 1886 853 1946 εἰπεῖν
877 1880 931 1959 ἀφ’
958 1881 1066 1944 ἑαυτοῦ
1089 1875 1131 1954 ὥς

633 1985 693 2050 dud
723 1988 824 2067 ἑτέρου
854 1981 1019 2067 προσώπου
1046 1983 1128 2066 λέγω,

634 2090 726 2153 οἷονεί
756 2090 783 2150 εἰ
798 2088 1039 2166 Ἀλεξανδρεῦσιν
1068 2086 1127 2148 ἔπι·

634 2191 768 2272 πλήττωα
799 2187 873 2269 ὑπὲρ
908 2186 1028 2262 ἀταξίας
1056 2190 1129 2250 εἴπω

843 2288 852 2312 Γ
887 2289 893 2312 i
938 2289 945 2312 ²

632 2296 796 2378 ιΘηβαίους
818 2317 913 2375 ευρων
930 2295 1131 2363 ατακταῦντας

633 2396 700 2461 τόδε
721 2397 773 2459 καὶ
796 2393 862 2458 τόδε
885 2389 995 2457 εἴποιτ’.

194 2589 442 2647 Phoebammonis
464 2591 597 2648 libellum
614 2610 672 2668 qua
686 2591 781 2648 forma
796 2589 910 2648 codices
925 2587 1054 2656 tradunt,
1071 2606 1130 2642 non

108 2693 256 2766 integrum
288 2711 351 2750 esse
379 2694 496 2750 schema
528 2686 774 2771 ἕτεροπρόσαπον
804 2691 968 2749 accuratius
998 2693 1128 2748 contem-

108 2795 182 2869 plati
211 2795 426 2869 intellegemus.
480 2795 612 2858 Quadrat
643 2796 721 2854 enim
750 2796 782 2852 in
813 2795 907 2867 legem
940 2791 1129 2867 propositam,

109 2916 185 2975 quae
215 2897 340 2970 figuram
372 2899 500 2957 existere
532 2899 617 2972 dicit,
651 2899 701 2956 ubi
733 2906 831 2956 orator
862 2896 950 2955 alium
981 2894 1130 2951 hominem

109 3019 144 3057 ea
175 3001 320 3057 dicentem
352 3000 480 3072 inducit,
513 3021 588 3078 quae
618 3003 682 3078 ipse
712 3001 896 3071 reformidat,
930 3017 1000 3056 sane
1031 3016 1131 3054 exem-

108 3103 190 3176 plum
220 3102 314 3176 primo
344 3103 408 3160 loco
438 3101 557 3161 allatum
588 3096 722 3182 “cmm
743 3095 904 3180 Αἰγύπτιοι
926 3094 992 3157 τόδε
1015 3095 1132 3177 λέγουσι

109 3200 177 3281 περὶ
199 3195 307 3278 ὖμῶν”
325 3204 407 3281 (W),
432 3207 481 3262 sed
504 3225 563 3264 non
587 3207 743 3285 sequentia
761 3204 805 3286 ίεἰ
817 3197 1053 3281 Ἀλεξανδρεῦσιν
1068 3198 1131 3259 ἐπι-

110 3299 244 3382 πλήττων
273 3297 346 3383 ὑπὲρ
378 3301 515 3376 ἆταξίας’
545 3312 603 3367 κτλ.
654 3310 727 3367 Nam
757 3311 814 3367 hcc
845 3308 908 3366 loco
941 3311 1038 3365 orator
1067 3305 1131 3380 ipse

108 3409 240 3488 loquitur
272 3429 368 3488 neque
406 3409 496 3467 alium
532 3411 749 3486 vituperantem
786 3411 908 3468 inducit.
964 3408 1131 3467 Difficultas

109 3511 251 3570 adhibitis
295 3512 429 3591 reliquiis
467 3512 642 3572 Lesbonacti
689 3513 828 3572 subiectis
872 3512 958 3571 facile
997 3511 1130 3583 solvitur,

109 3633 184 3692 quae
228 3615 347 3673 schema
391 3607 636 3692 ἕτεροπρόσωπον
688 3615 860 3691 bipartitum
904 3634 967 3673 esse
1016 3615 1130 3672 docent.

110 3718 148 3774 Et
179 3717 300 3776 alterius
331 3717 424 3790 partis
453 3717 573 3790 regulae
601 3710 673 3775 ὅταν
696 3712 782 3775 αὐτοὶ
806 3712 859 3792 μὲν
881 3713 1023 3794 λέγωμεν,
1055 3707 1132 3792 πρὸς

109 3815 208 3897 ἕτερον
238 3814 270 3876 δὲ
300 3812 530 3895 ἆπατεινώμεθα
563 3827 664 3896 aptum
695 3826 740 3878 est
771 3820 954 3895 exemplum,
991 3819 1068 3897 quod
1100 3819 1130 3876 in

109 3922 363 3995 Phoebammcue‚
393 3923 488 4002 qualis
511 3944 590 3982 nunc
611 3922 730 3998 legitur,
763 3943 823 3981 non
846 3924 936 3982 habet
958 3942 1016 4001 quc
1039 3922 1132 3998 respi-
