2812 4710
591 268 805 333 -16—
1185 266 1218 337 Ι]

187 446 260 507 tiani
283 465 390 505 nomen
411 443 575 520 praefixum
596 439 715 501 ἐθνικαὶ
731 435 878 500 διάλεκτον
894 460 954 499 non
973 441 1135 514 genuinum
1150 454 1217 498 esse

188 550 257 607 inde
279 549 396 623 colligo,
428 548 506 625 quod
538 566 598 605 non
630 548 665 604 ad
690 546 810 603 nomina
833 563 849 601 a
871 543 1065 619 scriptoribus
1086 542 1217 618 repetita

189 654 313 731 quadrat
345 641 560 727 (Ἀλκμανικόν,
586 641 742 723 Ἰβύνειον,
774 637 968 721 Πινδαρικόν,
997 639 1215 723 Περιηγητικὸν

189 754 306 829 σχῆμα).
352 752 541 826 Excogitavit
571 753 649 809 bunc
672 751 790 809 titulum
812 751 949 808 reductor
972 750 996 806 B
1019 758 1049 807 et
1071 748 1216 823 scripturn

189 858 262 932 legit
283 857 311 914 b.
357 854 414 917 Qui
439 874 504 913 cum
527 873 623 932 neque
646 855 725 911 huno
747 872 844 931 neque
867 851 948 910 illum
973 853 1061 927 plane
1084 859 1217 926 praeter-

191 960 308 1018 mittere
330 957 430 1029 rellet,
453 955 671 1028 conglutinasse
694 959 724 1013 et
740 975 792 1013 suo
808 954 939 1030 periculo
956 974 1064 1013 novum
1081 954 1217 1013 affecisse

192 1063 320 1122 videtur.

276 1165 371 1222 Etiam
402 1162 433 1219 in
457 1161 678 1221 Corinthiorum
708 1161 756 1234 fig.
780 1162 840 1224 red.
864 1162 883 1217 b
911 1159 1092 1218 recensionis
1114 1163 1142 1216 A
1164 1179 1217 1219 ve·

190 1267 278 1342 stigio
300 1265 442 1341 pressisse
465 1264 618 1340 probabile
641 1271 694 1322 est.
728 1262 822 1326 Quam
845 1263 969 1336 figuram
992 1268 1147 1340 postquam
1163 1261 1217 1319 iis·

191 1372 255 1428 dem
280 1369 378 1427 verbis
401 1373 431 1426 et
454 1367 599 1443 exemplis
631 1386 706 1446 qnae
729 1367 759 1422 in
777 1367 863 1423 Laur.
887 1364 1026 1439 leguntur
1044 1363 1217 1436 illustravit,

190 1473 298 1530 iterum
320 1472 363 1529 ita
385 1470 524 1546 explicat,
548 1476 581 1527 ut
603 1489 668 1528 curn
691 1476 719 1526 A
742 1468 915 1527 consentiat.

333 1624 406 1669 Lnur.
654 1636 701 1668 reo.
721 1622 737 1666 b
986 1634 1034 1666 reo.
1054 1619 1076 1663 A

226 1706 354 1774 (p.34,6)
382 1705 416 1756 Οἱ
437 1704 548 1768 Koplr·
609 1727 643 1746 =
662 1706 734 1754 Laur.
891 1701 1094 1766 Κορίνδιον,
1122 1697 1159 1762 ὠς
1185 1700 1215 1755 τὸ

192 1794 263 1844 broi
291 1789 319 1843 τὸ
352 1790 420 1856 ‘iso'
451 1788 495 1840 rol
518 1786 547 1840 τὸ
857 1781 950 1852 stiinon<
970 1785 1042 1838 ἔσται
1058 1786 1119 1840 τάδε
1133 1785 1217 1852 ἔργα”

191 1870 251 1941 ίἄν’
270 1876 315 1928 καὶ
338 1873 367 1928 ri
387 1868 485 1940 ‘inno'
502 1869 549 1941 οὐχ
857 1874 888 1936 (Β
908 1872 976 1935 aba).
1003 1871 1047 1923 >cul
1072 1871 1133 1938 uton
1151 1873 1217 1925 εἴδο-

192 1959 368 2019 tustanum
381 1958 549 2011 συντάσσονσι
609 1958 718 2028 (ῥήμασι
725 1955 830 2010 uuordo·
858 1976 900 2021 μεν
913 1951 993 2022 ἄμφω
1003 1959 1016 1979 ”
1032 1957 1065 2022 (A
1078 1960 1145 2019 363).
1165 1953 1217 2021 ὁρι-

192 2043 298 2112 ῥῆμασι,
324 2040 384 2098 ἀλλ’
405 2042 549 2110 ὁριστικοῐς,
577 2048 659 2111 couci)
859 2048 953 2101 στικοῐς
965 2043 1013 2108 γὰρ
1032 2042 1141 2110 χρῶνται
1152 2037 1217 2094 oivb'

193 2128 229 2190 εἰς
253 2129 281 2183 ro'
308 2129 370 2196 “bn
387 2125 453 2194 μήτ’
472 2124 551 2187 αὐτὸς
858 2123 1039 2185 ὑποτακτικών,
1059 2123 1217 2192 cicriuo‘n·

192 2211 283 2283 uictus
302 2213 410 2280 πονηρὸς
432 2214 499 2280 μήτε
518 2211 549 2266 σὺ
611 2211 740 2283 (dotrina)
856 2208 919 2264 πότ’
931 2206 961 2264 ἄν
979 2209 1070 2280 η’βήσῃ
1083 2229 1110 2262 τε
1123 2212 1167 2263 καὶ
1182 2205 1218 2278 ἧς

192 2299 289 2369 ἐφάνης
314 2297 479 2365 εὖδὸκιμος”.
507 2299 551 2351 καὶ
857 2297 982 2364 ἱμείρεται
1015 2298 1094 2362 αἴης”
1119 2300 1145 2364 (α
1163 2302 1217 2361 41).

185 2381 306 2453 Ὅμηρος
348 2385 409 2451 “too
451 2386 550 2450 εἴδομεν

193 2466 273 2538 ἄμφω
281 2473 294 2493 ”
312 2474 344 2533 (A
359 2472 418 2536 363)
432 2473 476 2522 καὶ
489 2513 502 2535 u
512 2467 548 2534 μή

193 2556 262 2621 ἴομεν
275 2557 394 2607 Δαναοῖσι
411 2551 550 2639 μαχ<ησ)ό·

844 2478 846 2513 ι

844 2530 846 2589 l

194 2642 286 2706 μενοι”
303 2643 338 2706 (Μ
352 2646 412 2702 216)
430 2640 474 2690 καὶ
488 2639 550 2704 ui'su
611 2686 624 2707 u
631 2640 672 2693 ἵνα
684 2641 764 2694 εἴδετε
772 2636 832 2692 πάν·
844 2596 846 2671 l

194 2726 274 2779 εἴδετε
286 2723 377 2784 πάντες
395 2725 428 2790 (Θ
449 2724 497 2792 18).
577 2745 616 2786 τες
624 2729 644 2776 ’'.
696 2722 833 2791 ὁριστικοῖς

577 2811 625 2878 γὰρ
651 2812 760 2879 χρῶνται
777 2806 832 2863 α’ντὶ

563 2866 566 2959 l
578 2893 758 2949 ὖποτακτικῶν.

280 3021 390 3079 Eadem
421 3020 466 3078 bis
497 3019 656 3095 explanare
679 3020 812 3097 ineptum
844 3023 874 3077 et
896 3020 994 3078 ared.
1018 3021 1037 3076 B
1061 3028 1217 3079 consuetu·

194 3124 262 3180 dine
293 3123 419 3181 alienum
452 3129 512 3190 est;
543 3141 645 3181 varum
676 3125 695 3181 b
728 3122 821 3196 legem
852 3122 1019 3196 generalem
1049 3141 1087 3178 ex
1110 3128 1137 3181 A
1168 3125 1216 3180 de·

194 3232 360 3300 promptam
389 3231 545 3282 annectere
568 3226 763 3283 necessarium
787 3231 905 3299 putasse
928 3224 1052 3295 videtur,
1084 3245 1149 3283 cum
1172 3245 1218 3282 re·

195 3327 293 3401 gulam
316 3348 333 3385 a
355 3328 378 3383 B
401 3325 583 3401 propositam
616 3346 673 3384 non
705 3328 742 3384 ad
766 3327 805 3382 M
825 3331 886 3383 216
917 3326 1066 3401 pertinere
1094 3329 1217 3385 videret.

280 3430 385 3487 Adicio
408 3429 536 3507 denique
558 3430 670 3501 locum,
701 3448 759 3506 quo
788 3450 857 3486 num
879 3429 1011 3487 recensio
1035 3433 1063 3487 A
1085 3429 1219 3488 adhibita

195 3532 234 3591 sit
256 3531 408 3590 diiudicari
431 3532 551 3610 nequit,
583 3533 617 3589 de
649 3530 744 3605 figura
774 3531 911 3590 Euboica.
955 3531 1044 3590 (luins
1071 3532 1218 3607 duplicem

194 3634 337 3693 rationem
370 3638 486 3692 exstare
517 3634 641 3709 exponit
672 3634 704 3705 B,
739 3653 804 3691 oum
834 3635 921 3691 unius
952 3639 1067 3691 tantum
1099 3635 1159 3695 red.
1192 3639 1217 3691 A

196 3737 375 3795 mentionem
398 3737 494 3795 iaciat.
540 3741 638 3814 Atque
662 3736 751 3811 prior,
775 3756 863 3814 qnam
879 3737 902 3793 B
919 3741 1070 3808 memorat,
1093 3740 1118 3794 A
1135 3756 1217 3813 prae·

195 3838 273 3909 terit,
296 3857 331 3895 eo
354 3838 495 3909 consistit,
529 3839 606 3915 quod
629 3837 823 3896 substantivis
845 3838 981 3896 feminini
1005 3840 1121 3912 generis
1143 3859 1218 3896 mas-

196 3941 295 4000 culina
324 3942 455 4016 epitheta
483 3948 685 4014 conectuntur,
717 3941 816 4014 altera,
850 3943 929 4020 quod
959 3962 1024 4000 oum
1050 3938 1219 3999 nominibus
