2812 4710
186 318 224 380 IV
591 320 799 386 -81-

187 483 245 550 τότ’
272 476 329 551 οὖν
345 481 481 575 όγγελίης
496 487 538 551 ίτι
553 491 710 569 πείθομαι,
734 491 763 552 εί
774 496 872 553 ποθεν
894 491 995 554 ἔλθοις
1017 489 1050 554 τό
1066 489 1098 554 δὲ
1113 491 1205 553 εἰπεῖν

187 587 227 653 ότι
248 587 281 654 τό
307 591 440 676 ιιίίλ.θοι”
470 589 580 655 ταότόν
608 593 668 656 ἔστι
690 599 732 680 τῷ
755 593 887 676 ιίλθοιεν
909 589 1061 677 όγγελίαι’,
1090 591 1204 674 δηλαδή

187 718 274 772 τινες,
310 691 454 781 Πινδάρῳ
483 693 536 774 μὲν
558 695 608 757 καί
631 703 694 769 τοῖς
715 694 780 758 κατ’
807 697 920 760 ἐκεῖνον
942 699 1096 779 διορίζουσι
1113 702 1205 774 φιλεῖ-

186 821 234 860 ται.
259 794 374 860 οόκουν
396 795 428 860 δὲ
450 797 500 860 καί
522 793 647 884 Ὀμήριμ
670 799 697 861 εί
717 800 768 861 καὶ
791 799 822 861 ἒν
837 805 878 886 τῷ
895 856 909 884 a
918 805 1012 883 γοῦνα
1027 800 1078 863 καλ
1094 805 1205 880 κνῆμαι

187 897 371 963 παλόσσετο”
401 903 440 981 (Ρ
460 904 535 981 886)
569 897 663 983 ήγουν
693 899 891 966 ἒπαλόσσοντο
924 902 1072 967 τουτέστιν
1102 899 1202 982 ἒμολό-

187 1027 268 1066 νοντο
291 1007 389 1083 σχῇμα
412 1007 546 1067 τοιοῦτον
569 1009 713 1087 Δωρικῶς
736 1008 980 1086 παρεμφαίνεται.

267 1111 783 1190 carmenum:

186 1215 271 1297 πνοιῇ
303 1205 335 1272 δ’
359 1206 516 1290 Εὐμήλοιο
548 1204 733 1293 μετάφρενον
755 1208 836 1293 εόρίε
858 1209 885 1273 τ’
912 1207 983 1290 ῶμω
1006 1208 1148 1294 θέρμετ’;
1172 1208 1203 1273 τό

187 1311 214 1375 δὲ
235 1312 408 1397 “tricosto’'
432 1310 508 1397 πρός
529 1311 562 1377 τό
579 1311 766 1397 μετάφρενον
782 1316 903 1397 ε’ίρηται,
928 1316 999 1388 ἴσως
1022 1314 1054 1377 δὲ
1077 1311 1153 1397 πρός
1170 1311 1203 1376 τό

187 1412 300 1499 ιιῶμιο”
324 1413 545 1500 Δωρικῶτερον.
590 1423 691 1497 Δῆλον
721 1416 752 1480 δὲ
783 1413 830 1481 ότι
861 1412 966 1497 όμοῐον
988 1418 1081 1479 εἰπεῖν
1104 1416 1205 1501 ιμεταί-

186 1541 292 1599 φρενον
313 1519 365 1581 καί
389 1509 464 1598 ῶμοι
487 1520 696 1601 ἐθερμαίνοντο
718 1521 822 1583 ἵππον
844 1525 925 1606 πνοῇ
933 1522 950 1581 ’.
1284 1587 1286 1590 ,

267 1627 311 1687 Of.
334 1627 425 1687 schol.
456 1628 491 1685 ad
515 1628 655 1687 Philostr.
679 1648 707 1704 p.
736 1632 802 1700 155,
827 1632 860 1687 5:
892 1619 1013 1706 Δῶριον
1043 1620 1077 1686 τό
1109 1628 1205 1704 σχῆμα

187 1728 223 1806 (p.
250 1733 308 1788 196
330 1755 374 1779 =
399 1727 524 1807 Πινδαρ.
550 1730 615 1806 σχ.).

267 1833 373 1912 Neque
388 1833 502 1905 mirum,
517 1835 594 1912 quod
610 1836 687 1912 apud
699 1834 887 1894 Eustathium
903 1833 1028 1910 legimus
1043 1835 1078 1892 ad
1096 1853 1110 1890 τ
1127 1834 1205 1893 387ι

336 1921 356 2011 ἦ
379 1955 423 1994 τοι
446 1931 512 2010 ἐμοὶ
534 1936 647 2011 χλαῖναι
671 1933 722 1994 καί
744 1930 837 2014 ῥήγεα
860 1929 1030 2016 σιγαλόεντα

338 2030 461 2114 ἤχθεθ’,
486 2030 630 2097 ότε....

269 2140 312 2216 (p.
340 2140 430 2215 1867,
455 2142 523 2215 22):
546 2132 579 2198 τό
603 2135 634 2199 δὲ
658 2192 672 2220 e
681 2142 793 2216 xteriores
810 2137 859 2199 καί
876 2134 968 2219 ῥήγεα
983 2133 1091 2217 ήχθετο
1101 2137 1116 2166 ”
1133 2135 1176 2198 At
1194 2173 1204 2185 -

186 2234 265 2302 λικόν
288 2243 385 2319 σχήμοι
407 2239 456 2301 καί
481 2235 629 2319 Δωρικόν,
657 2241 709 2301 καί
732 2240 787 2301 εἰσί
806 2237 887 2319 παρῶ
914 2235 1058 2325 Πινδάρῳ
1082 2243 1204 2301 τοιαῦτα

187 2338 285 2406 πολλό.
325 2338 463 2414 Ἀττικός
492 2341 523 2402 δὲ
553 2338 628 2425 ἇνήρ
659 2341 715 2404 οὐκ
747 2338 785 2404 ῶν
812 2339 891 2403 οὗτοι
913 2339 1037 2425 φράσαι,
1062 2339 1132 2403 όιλλό
1155 2339 1205 2403 διό

185 2440 233 2516 τός
262 2446 381 2526 χλαίνας
410 2445 471 2526 ἐρεῖ
491 2441 528 2506 όν
550 2440 713 2528 ιήχθοντο’
737 2449 957 2524 πληθυντικῶς.
1003 2449 1118 2524 Nempe
1141 2448 1203 2524 ipse

185 2551 355 2614 Eustathius
377 2573 405 2629 p.
435 2552 522 2625 1702,
547 2559 564 2610 3
594 2553 651 2611 hoc
683 2553 753 2632 quid
785 2553 840 2611 sibi
870 2553 946 2613 velit
973 2553 1204 2629 interpretatur:

187 2645 224 2722 ῶς
245 2649 278 2712 δὲ
300 2651 331 2712 oi
352 2657 478 2732 Δωριεῖς
507 2651 624 2732 ἔχαιρον
654 2651 702 2712 καὶ
732 2651 914 2728 αἰολίζοντες,
945 2653 1032 2730 δηλοῖ
1053 2651 1205 2732 Πίνδαρος

186 2747 289 2832 όναμλξ
319 2749 397 2815 οὕτω
430 2758 525 2815 ποιῶν
557 2750 622 2831 ήτοι
646 2758 790 2834 Δωρικῶς
819 2755 944 2836 γρόφοον
974 2753 1025 2816 καὶ
1047 2754 1203 2825 Αίολικῶς.

187 2860 266 2919 Ηοοο
289 2860 520 2932 donationibus,
544 2860 651 2939 quibus
673 2860 776 2936 figuris
798 2859 919 2918 nomina
943 2861 1130 2933 indebantur,
1153 2880 1204 2917 ex-

186 2963 307 3039 ploravi.

180 3118 185 3127 ,
268 3065 437 3139 Quaeritur,
467 3066 584 3145 quando
614 3065 755 3138 doctrina,
787 3085 845 3144 qua
875 3064 1108 3125 constructiones
1138 3084 1203 3123 ver-

187 3168 286 3228 borum
308 3168 467 3228 inusitatae
490 3169 578 3227 certis
594 3169 732 3244 gentibus
748 3169 908 3228 urbibusve
924 3167 1120 3242 assignantur,
1140 3174 1204 3226 orta

188 3272 231 3332 sit.
261 3273 334 3331 Eius
357 3290 475 3350 quoquc
497 3271 623 3344 vestigia
644 3272 674 3329 in
693 3271 856 3329 Aristarchi
880 3271 1055 3347 scriptorum
1070 3270 1203 3328 frustulis

188 3380 335 3450 apparent.

268 3479 315 3536 Ad
338 3477 367 3534 Ε
390 3481 469 3536 249:
493 3467 558 3533 ἀλλ’
581 3467 633 3554 όγε
655 3468 694 3551 δή
715 3466 864 3551 χαζώμεθ’
888 3468 937 3548 ἔφ’
963 3472 1066 3533 ἵππων

268 3581 360 3640 schol.
376 3583 421 3639 A:
445 3571 489 3639 ότι
504 3571 641 3648 Ἀττικῶς
658 3571 823 3655 ἐξενήνοχεν
847 3572 911 3636 όιντί
932 3579 986 3636 τοῦ
1003 3569 1044 3647 ῶς
1063 3574 1112 3636 ἐπὶ
1134 3571 1204 3648 τοός

188 3677 304 3753 ἵππους.
328 3681 414 3741 δοκεῖ
433 3677 464 3740 δὲ
487 3673 656 3757 Ζηνόδοτος
678 3682 784 3741 τοῦτον
802 3677 853 3740 καὶ
868 3672 920 3739 τόν
935 3677 1001 3756 ἕξῇς
1017 3673 1201 3755 ήθετηκὲναι.

228 3788 272 3845 Λᾶ
289 3786 333 3844 E:
355 3776 480 3863 Ἀργεῖοι
504 3778 535 3842 δ’
561 3775 618 3842 ὕπ’
632 3776 721 3862 ’Ἁρηι
737 3776 923 3862 καλἝκτορι
939 3783 1159 3864 χαλκοκορυστῇ

240 3889 328 3967 (700)
348 3879 419 3945 οότε
442 3883 511 3946 ποτὲ
534 3882 736 3966 προτρέποντο
760 3881 924 3963 μελαινόοιν
947 3882 995 3945 ἐπὶ
1019 3887 1100 3962 νηῶν

355 3982 422 4048 οότε
444 3983 516 4049 ποτ’
539 3982 734 4069 όντεφὲροντο
756 3983 845 4073 μόχη,

981 4096 998 4150 6
