2812 4710
201 240 234 301 ll
594 233 807 303 -83-

200 414 271 475 locali
291 411 378 474 verbi
400 412 616 489 significatione
648 413 730 473 notio
758 413 904 489 generalis
934 416 998 473 orta
1020 409 1120 473 asaet”
1145 410 1207 470 exi-

201 517 284 577 stimat
312 515 406 594 (omni
433 516 546 601 ratione
580 517 685 576 virtuti
708 517 848 576 colendae
871 536 989 593 operam
1013 517 1084 593 dat).
1129 514 1207 576 Atti·

201 640 248 679 cam
268 623 367 678 autem
389 619 602 695 proprietatem
631 638 669 676 ex
698 624 796 678 mente
827 619 998 695 interpretis
1025 620 1057 677 in
1081 639 1116 678 eo
1139 638 1206 678 con-

201 722 266 798 spici,
297 722 376 801 quod
409 722 568 782 accusativi
599 773 614 800 „
623 722 723 780 πᾶσαν
745 713 861 801 ὄργήν”
892 723 955 781 sine
985 714 1061 780 κατά
1083 741 1207 797 praepo-

200 824 291 885 sitione
313 825 511 902 proferantur,
534 829 615 900 puto.
660 825 769 885 Verum
800 844 898 905 neque
921 845 980 904 qua
1001 845 1072 883 usus
1093 825 1208 884 ratione

200 928 375 988 Aristarchus
406 927 536 1001 singulas
563 926 688 1002 singulis
711 928 849 1004 gentibus
875 927 984 1003 figuras
1003 927 1207 1002 assignaverit,

200 1032 358 1092 cfrustulis
381 1050 557 1106 cognoscere
590 1048 688 1110 neque
720 1051 794 1110 quos
825 1036 978 1090 auctorum
1000 1031 1118 1090 ordines
1140 1049 1208 1089 con·

199 1135 323 1209 stituerit,
345 1134 512 1211 perspicere
535 1133 613 1194 licet.

269 1237 518 1317 Antiquissimum
539 1236 740 1297 testimonium
753 1237 791 1314 ¹),
822 1255 880 1315 quo
905 1237 987 1296 urbis
1009 1237 1115 1296 incolis
1139 1257 1206 1313 pro·

197 1341 292 1417 pristas
315 1341 458 1419 quaedam
481 1339 597 1399 dicendi
619 1339 796 1416 impertitur,
819 1339 985 1398 Philoxeno
999 1338 1029 1416 2)
1052 1341 1207 1399 dabamus:

197 1442 285 1519 Steph.
315 1444 386 1521 Byr.
418 1442 458 1520 (p.
485 1447 539 1515 66,
573 1442 590 1500 7
614 1440 669 1517 Μ.)
700 1463 721 1500 s.
744 1462 771 1500 v.
798 1433 1066 1516 Ἀλάβανδα
1097 1438 1207 1522 λέγεται

196 1542 236 1603 καὶ
262 1538 402 1622 κτητικόν
431 1536 664 1620 Ἀλαβανδιακός
695 1539 745 1602 καὶ
766 1535 1000 1619 Ἀλαβανδιακόν
1029 1538 1206 1624 σύγγραμμα

253 1790 277 1851 1)
295 1786 399 1834 Lucilii:
419 1787 482 1833 adde
501 1785 666 1834 soloecismon
684 1800 776 1846 genera
793 1794 866 1845 etque
883 1786 1006 1834 voeabula
1019 1791 1117 1834 centum
1129 1785 1204 1852 (lxa

193 1871 217 1918 ll
236 1875 299 1921 1181
319 1873 381 1918 aL.
400 1873 544 1932 Pompeius,
570 1873 627 1919 Keil
645 1873 668 1917 V
686 1886 711 1932 p.
731 1875 793 1920 289:
820 1878 880 1932 quot
897 1873 991 1929 modis,
1019 1873 1062 1931 cit,
1088 1873 1151 1922 liunt
1168 1889 1206 1922 so·

193 1957 313 2006 loccismi?
349 1960 463 2006 Donatus
485 1959 581 2018 redegit
606 1972 633 2005 se
658 1959 690 2004 ad
708 1972 828 2006 summam
845 1959 994 2007 brevitatem
1012 1965 1036 2006 et
1054 1960 1116 2006 dixit
1134 1961 1205 2022 ,duo-

192 2042 229 2091 bus
248 2045 369 2103 tantum',
397 2043 508 2091 Lucilius
527 2050 608 2091 autem
627 2044 688 2091 dixit
709 2049 807 2090 centum
826 2049 849 2091 et
867 2045 1021 2092 enumeravit
1038 2059 1138 2093 omncs:
1165 2061 1205 2093 ex·

192 2134 233 2177 stat
257 2130 321 2176 liber
344 2129 431 2189 ipsius,
461 2126 520 2195 [quo
539 2128 594 2175 add.
613 2126 658 2194 lh]
686 2128 745 2177 dicit
770 2129 832 2175 illud
860 2135 884 2176 et
908 2130 988 2191 illud;
1015 2145 1071 2177 nam
1097 2132 1132 2177 ait
1155 2132 1205 2179 sic:

191 2218 261 2277 ,adda
278 2215 326 2252 -‘
353 2223 377 2263 et
401 2222 502 2263 currunt
527 2214 578 2281 [vel
603 2216 679 2262 currit
696 2216 775 2273 codd,
799 2217 919 2276 percurrit
936 2214 1133 2282 Lindemannus]
1152 2217 1206 2277 ipsa

189 2302 304 2351 vocabula
327 2301 441 2351 versibus
467 2303 566 2362 scriptia
592 2308 644 2349 arte
670 2308 695 2349 at
722 2303 756 2348 ibi
776 2303 931 2350 enumeravit
947 2302 992 2349 illa
1010 2304 1099 2350 omnia.
1137 2304 1204 2351 Serv.

188 2401 266 2436 comm.
288 2388 315 2435 in
334 2390 409 2449 Dom,
429 2389 487 2436 Keil
500 2389 536 2435 lV
548 2391 613 2436 446:
634 2389 835 2436 soloecismorum
853 2403 943 2448 genera
961 2393 1058 2436 centum
1076 2389 1136 2436 dicit
1152 2405 1205 2439 esse

188 2473 299 2537 Lucilius.
336 2475 395 2522 Isid.
416 2476 541 2535 or.132,
560 2477 591 2521 5:
616 2476 678 2521 fiunt
705 2479 832 2534 praeterea
860 2471 1018 2540 [soloecismi]
1046 2489 1076 2521 ex
1093 2477 1205 2536 plurimis

188 2561 268 2608 modis.
304 2563 369 2607 Nam
388 2561 498 2607 Lucilius
524 2565 622 2609 centum
648 2575 739 2620 genera
764 2562 966 2608 soloecismorum
992 2557 1072 2625 dixit.)
1098 2575 1146 2607 non
1170 2561 1205 2609 ita
1272 2596 1275 2603 .

188 2647 329 2708 explicanda
348 2661 409 2704 esse,
436 2652 464 2693 ut
487 2653 585 2707 poetam
609 2653 706 2693 centum
731 2648 931 2694 soloecismorum
957 2662 1048 2706 genera
1073 2649 1205 2707 protulisse

187 2733 333 2792 singulisque
351 2734 451 2780 nomina
468 2735 582 2793 propria,
607 2747 670 2792 quae
695 2734 726 2780 ab
746 2735 842 2780 urbium
869 2733 1009 2780 nominibus
1029 2733 1133 2780 deducta
1151 2748 1205 2781 essa

187 2817 312 2866 Philoxeni
338 2818 479 2865 testimonio
506 2824 642 2866 commotus
667 2819 799 2878 coniceres,
824 2818 947 2865 addidisse
972 2818 1046 2877 dicas,
1072 2821 1203 2867 a-silantio

187 2905 398 2962 grammaticorum
417 2905 557 2964 latinorum,
575 2905 617 2963 qui
635 2904 794 2952 soloecismos
813 2905 865 2951 fuse
883 2909 998 2964 tractant,
1015 2904 1111 2964 colligo.
1137 2905 1204 2951 Voce

187 2989 323 3051 „centum”
349 2990 460 3037 Lucilius
484 2991 549 3037 haud
574 2991 625 3038 scio
649 3004 680 3036 en
707 2990 768 3036 nihil
794 2990 860 3035 aliud
878 2989 985 3036 voluerit
1003 2989 1112 3037 indicare
1130 3004 1203 3049 quam

187 3089 299 3135 magnum
317 3090 454 3136 numerum,
474 3089 614 3135 quanquam
634 3076 660 3121 in
678 3077 751 3121 aliam
770 3079 865 3134 partem
883 3080 1030 3134 acceperunt
1041 3077 1201 3134 grammatici.

188 3161 351 3223 „Vocabula”
378 3176 465 3210 censeo
492 3163 590 3208 omnino
615 3175 665 3208 non
692 3175 747 3207 cum
773 3161 888 3220 genetivo
915 3157 1122 3224 “soloecismon'’
1146 3176 1203 3208 con-

187 3247 333 3308 iungendum
350 3261 412 3306 esse,
431 3247 505 3295 immo
523 3247 605 3307 potius
624 3250 735 3307 spectare
753 3246 866 3293 videntur
884 3246 916 3292 ad
933 3246 987 3305 ipsa
1005 3246 1082 3294 verba
1100 3247 1130 3294 ds
1142 3262 1203 3306 quo·

186 3345 235 3380 rum
253 3348 300 3382 usu
317 3334 478 3394 grammatico
495 3337 593 3393 poetam
606 3332 748 3392 exposuisse
760 3337 863 3390 constat,
874 3332 905 3378 cl.
919 3331 1029 3381 1.1xao
1043 3332 1076 3380 Μ.
1098 3334 1201 3382 113311.

188 3416 266 3479 (Char.
287 3419 344 3466 Keil
363 3420 416 3480 Ip.
437 3415 511 3478 111):

284 3519 343 3552 nam
360 3506 402 3552 vel
420 3509 447 3550 ut
464 3506 529 3551 intro
547 3505 615 3551 aliud
633 3504 705 3563 longe
723 3517 776 3551 esse
794 3507 866 3562 atque
883 3501 945 3551 intu'
964 3502 1076 3551 videmus

284 3591 320 3638 sic
338 3592 396 3638 item
413 3591 478 3650 apud
496 3592 615 3648 solonge
633 3591 683 3637 alid
701 3595 738 3637 est
756 3603 834 3647 neque
852 3589 917 3635 idern
934 3590 1001 3636 valet
1018 3589 1049 3635 ad
1066 3604 1108 3636 se:

284 3677 349 3724 intro
367 3691 412 3725 nos
429 3682 502 3724 vocat
519 3676 550 3722 ad
568 3691 630 3733 sese,
649 3681 717 3723 tenet
733 3675 800 3722 intus
813 3676 879 3735 apud
897 3689 934 3723 se.

251 3761 276 3827 2)
294 3777 367 3821 quem
385 3763 435 3810 fere
453 3763 557 3823 Augusti
576 3767 599 3810 et
617 3761 710 3809 Tiberii
735 3760 887 3820 temporibus
905 3761 998 3808 Romcoe
1018 3760 1203 3820 grammaticum

187 3850 319 3906 professum
345 3863 398 3896 esse
420 3848 556 3896 verisimile
580 3852 631 3907 est,
660 3848 691 3894 cf.
716 3847 810 3894 Kleist:
840 3847 869 3894 de
894 3847 1024 3893 Philoxeni
1050 3846 1201 3906 grammatici

187 3934 343 3983 Alexandrini
361 3935 448 3984 studiis
465 3933 643 3995 etymologicis,
663 3931 845 3993 Gryphiawald.
866 3933 939 3981 1865.

958 4013 997 4077 δῦ
