2812 4710
218 226 255 303 IlI
600 242 812 307 -63-

218 420 296 476 6-ll
319 426 382 478 orte
405 424 483 490 sunt,
514 420 566 496 qui
592 422 712 476 18-21
738 418 844 476 adsuit.
889 417 964 474 Nam
988 416 1061 494 quin
1084 416 1157 473 haec
1180 414 1216 472 ab

216 523 310 580 auctore
330 521 424 580 libelli
448 521 642 579 abiudicanda
659 521 726 592 sint,
751 540 811 577 non
827 520 929 579 dubito
947 526 1113 596 propterea,
1138 519 1217 596 quod

215 620 241 675 ab
260 625 502 696 antecedentibus,
527 643 602 702 quae
626 625 661 683 de
685 623 878 682 substantivis
906 622 1072 680 accusativo
1095 621 1220 695 prolatis

213 734 292 798 agunt,
313 726 443 801 genetivi
467 718 679 811 „naoryooiroro
703 719 811 797 φόνοιο
820 722 834 750 ”
859 725 946 800 plane
970 725 1088 782 distant

278 849 304 904 p.
326 835 375 900 41,
400 836 418 888 2
442 832 478 887 A.
524 830 673 887 Lacunam
696 829 834 900 indicavi,
867 828 945 906 quod
976 832 1102 903 apparet
1128 826 1218 884 cladis

210 934 337 989 auctorem
367 932 460 991 fuisse
491 931 585 990 solum
610 932 790 989 Alcibiadem
821 951 860 988 ex
882 932 955 988 urbe
978 948 1136 1004 egressum,
1168 931 1219 987 sed

211 1044 259 1087 non
278 1034 430 1093 Thebanos
453 1041 555 1093 contra
577 1033 777 1093 Athenienses
799 1033 1030 1108 proficiscentes.
1062 1033 1220 1090 Praeterea

211 1126 450 1208 Lacedaemonios,
482 1157 540 1215 quo
571 1145 703 1212 tempore
727 1136 861 1195 Thebani
890 1136 920 1192 in
944 1136 1075 1194 Atticam
1098 1136 1220 1211 expedi-

208 1231 301 1297 tionem
323 1240 470 1310 facerent,
499 1241 537 1297 ab
562 1239 715 1297 Alcibiade
738 1243 891 1314 superatos
913 1257 978 1296 esse
1001 1258 1060 1297 non
1084 1238 1219 1296 traditur.

207 1332 297 1418 Itaque
312 1392 327 1421 α
337 1335 561 1419 στρατευόμενοι
575 1339 704 1415 Θηβαῖοι
719 1337 765 1398 ἐπὶ
775 1334 913 1417 Ἀττικήν
920 1338 934 1366 '’
950 1341 1073 1400 alterius
1089 1340 1218 1417 exempli

206 1436 286 1502 frusta
308 1464 373 1504 esse
395 1444 492 1503 credo.

273 1568 302 1625 p.
314 1553 364 1618 41,
382 1545 432 1626 3f4
449 1555 484 1605 A.
516 1540 548 1604 td
566 1540 621 1623 yolo
638 1538 708 1602 κατ’
725 1539 874 1623 ἐπιφορὰν
890 1545 937 1604 δεῖ
950 1543 1044 1604 εἰπεῖν
1056 1567 1116 1605 non
1133 1547 1220 1606 intel·

202 1629 339 1722 leguntur.
384 1651 521 1708 Sananda
551 1660 621 1708 sunt
651 1670 667 1708 e
698 1649 856 1726 proximis,
887 1669 963 1728 quae
993 1651 1128 1728 quamvis
1161 1671 1220 1708 non

201 1747 306 1828 integra
347 1761 445 1813 tamen
477 1753 632 1827 perspicua
661 1761 737 1811 sunt.
791 1753 960 1828 Exponitur
992 1753 1071 1810 enim
1101 1753 1220 1829 planam

201 1856 369 1915 sententiam
393 1855 464 1913 oriri
488 1855 658 1930 compositis
681 1856 794 1912 duobus
818 1855 988 1927 enuntiatis,
1018 1855 1110 1913 altero
1134 1861 1220 1914 ante-

199 1958 321 2029 cedente,
346 1957 440 2017 altero
463 1958 586 2016 adiecto.
632 1956 743 2019 Quodsi
773 1958 908 2032 pergitur
937 1952 988 2013 καὶ
1012 1949 1110 2033 ὥσπερ
1134 1953 1219 2015 ἐλλεί-

197 2078 255 2117 οων
274 2053 365 2118 πάλιν
388 2051 545 2134 αὐτοτελής
567 2056 666 2134 ἑτέρας
681 2052 865 2132 συνδεούσης
888 2060 963 2117 nihil
979 2060 1058 2117 aliud
1076 2060 1220 2118 illustrari

198 2163 288 2222 elucet
311 2163 369 2222 nisi
393 2164 557 2221 orationem
578 2171 742 2220 truncatam
760 2183 831 2235 esse,
855 2164 878 2220 si
895 2163 1021 2221 alterum
1034 2162 1220 2222 enuntiatum

199 2266 358 2335 secluseris‚
381 2273 484 2325 contra
498 2266 658 2341 perfectam
675 2286 746 2336 esse,
770 2267 794 2323 si
810 2265 934 2325 alterum
950 2265 1136 2323 enuntiatum
1155 2285 1220 2323 cum

197 2369 286 2427 altero
310 2369 509 2427 coniunxeris.
555 2368 653 2431 Quare
676 2361 857 2442 συνδεούσης
884 2368 916 2424 in
940 2365 1133 2442 σονδεθείσης
1156 2388 1218 2426 mu-

196 2474 316 2530 tandum
348 2480 379 2530 et
407 2473 480 2531 haec
502 2474 563 2530 fere
586 2473 751 2547 supplenda
774 2492 836 2530 esse
860 2472 1015 2530 existimo:
1047 2467 1097 2528 καὶ
1121 2464 1219 2546 ὥσπερ

195 2569 335 2632 ἐλλείπων
365 2571 428 2656 (τῆς
458 2572 556 2650 ἑτέρας
587 2571 812 2655 κεχωρισμένης)
844 2568 932 2631 πάλιν
959 2565 1116 2649 αὐτοτελής
1145 2571 1219 2657 (τῆς)

193 2671 295 2754 ἐτέρας
329 2676 522 2753 συνδεθείσης
552 2681 605 2754 (sc.
628 2679 736 2754 γίνεται
766 2670 784 2733 ὅ
805 2672 914 2754 λόγος).
970 2680 1015 2734 llx
1045 2679 1099 2735 hac
1129 2677 1220 2752 igitur

191 2781 344 2840 sententia
376 2783 547 2856 scriptorem
580 2782 749 2855 exemplum
780 2781 865 2838 initio
893 2780 1040 2855 prolatum
1063 2782 1107 2838 ita
1127 2780 1220 2838 inter·

190 2892 344 2958 pretatum
381 2904 444 2942 esse
482 2894 562 2959 puto,
602 2892 636 2942 ut
672 2885 783 2941 diceret
820 2883 1005 2941 enuntiatum
1044 2884 1220 2942 antecedens

188 2979 400 3066 ίιἰνῖλνιβιάὸης
423 2980 573 3056 dictumst
602 3006 667 3044 cum
691 2985 940 3063 subsequentibus
962 2978 1220 3064 (Λακεδαιμόνιοι

186 3082 369 3162 ἡττήθησαν
378 3085 393 3113 ''
411 3089 607 3164 copulandum
625 3108 697 3160 esse,
713 3097 746 3146 ut
762 3089 854 3146 oratio
872 3088 1003 3163 perfecta
1017 3087 1111 3146 fieret.
1135 3087 1219 3145 Unde

184 3209 247 3268 pro
272 3187 363 3248 εἰπεῖν
386 3191 489 3266 scripsi
513 3190 637 3248 συνδεῖν.
657 3226 695 3233 -
713 3190 896 3250 Coniecturis
912 3191 1044 3265 probatis
1064 3189 1115 3247 illa
1129 3190 1221 3247 verba

186 3311 208 3352 a
230 3295 295 3352 red.
318 3296 347 3353 A
369 3293 524 3352 interiecta
547 3314 609 3351 esse
634 3295 834 3371 consequitur.
866 3294 940 3351 Nam
962 3293 1004 3352 ita
1027 3292 1220 3368 pronuntian-

185 3403 250 3469 tur,
274 3403 309 3454 ut
330 3403 480 3454 auctorem
503 3397 626 3454 alterum
650 3397 828 3473 exemplum,
853 3397 931 3473 quod
952 3396 1146 3454 antecessisse
1168 3414 1219 3452 no·

186 3498 240 3558 bis
264 3503 389 3570 constat,
411 3498 533 3574 plenum
555 3499 661 3573 legisse
685 3499 850 3573 negandum
874 3499 922 3557 sit.

280 3606 369 3677 p.41,
387 3607 405 3656 4
422 3601 454 3659 B.
488 3599 663 3677 Νεστορίδα.
694 3602 766 3660 Oum
787 3600 819 3656 Π
832 3602 891 3658 317
918 3601 1020 3679 (3261)
1045 3603 1080 3658 dc
1104 3602 1220 3659 duobus

189 3705 331 3766 Nestoris
354 3705 423 3763 filiis
446 3713 559 3780 agatur,
582 3706 675 3763 forma
697 3706 791 3762 dualis
806 3705 915 3762 nullam
933 3703 1105 3763 offensionis
1120 3723 1219 3762 ansam

190 3811 245 3867 dat
267 3814 298 3867 et
319 3810 377 3868 fuit
398 3811 522 3867 fortasse
544 3809 627 3866 varia
648 3807 746 3881 lectio,
764 3827 851 3886 quam
867 3816 963 3867 utrum
984 3808 1141 3866 Lesbonax
1156 3808 1220 3883 ipse

191 3931 231 3969 an
249 3912 272 3967 B
296 3912 411 3969 demum
435 3931 450 3968 e
474 3930 525 3968 suo
542 3911 664 3968 Homeri
678 3911 777 3968 codice
792 3911 946 3985 receperit,
963 3911 1089 3968 discerni
1106 3910 1219 3988 nequit.
