2812 4710
705 228 895 294 „5-

522 407 547 459 Α
802 404 805 453 λ

291 497 360 562 cillo
372 506 467 579 σχῆμα
482 497 542 563 dud
559 503 710 577 Βοιωτίας,
723 499 741 562 λλ
752 497 789 579 dv)
802 462 804 579 λ

291 602 340 664 καὶ
367 600 551 687 Πινδαρικὸν
572 604 692 684 λέγεται.

433 744 474 754 -
522 743 555 751 —-
606 694 646 752 -⁷
858 700 966 766 ’λῶνων
988 709 1046 764 τῶν
1068 702 1117 765 ἐπὶ
1142 704 1263 782 Κορίας.

334 802 463 869 Ἰωνικόν
485 807 535 869 καὶ
559 805 686 884 Δώριον.
857 801 989 869 ’λωνικὸν
1011 805 1061 867 κοιλ
1087 803 1214 884 Δῶριον.

338 905 468 991 Δῶριον,
485 907 607 988 μάλιστα
619 915 676 970 τῶν
688 910 719 972 ἒν
732 914 789 970 Πε-
864 914 930 969 Τῶν
964 906 995 968 δὲ
1029 908 1060 968 ἒν
1096 902 1315 989 Πελοποννήσῳ

292 1007 466 1097 λοποννήσῳ
490 1012 638 1093 Δωριέων.
819 1012 960 1092 Δωριέων
984 1011 1070 1072 ἐστίν.

437 1151 478 1161 -
522 1151 564 1166 -
607 1152 648 1162 —
862 1113 1002 1192 Δωριέων
1031 1117 1090 1173 τῶν
1124 1107 1168 1173 ἐπ’
1197 1105 1317 1182 Ἰταλίας

818 1216 885 1278 ἔστί.

333 1313 472 1380 Ἀττικόν.
862 1317 922 1378 Καὶ
945 1323 1033 1379 τοῦτο
1057 1315 1088 1379 δὲ
1104 1321 1162 1378 τῶν
1176 1311 1317 1377 Ἀττικῶν

818 1421 885 1484 ἔστι.

860 1528 1020 1605 (Secuntur
1051 1526 1082 1584 in
1115 1527 1139 1582 Β
1169 1526 1317 1598 Κυμαῖον,

820 1623 984 1703 Θηβαϊκόν,
1005 1620 1199 1707 Ἀργολικόν.)

327 1725 415 1790 ''Atlo
437 1725 578 1790 Ἀττικόν.
861 1723 1080 1810 §ssuttuo'uss
1169 1746 1182 1773 ³·

338 1828 563 1913 Περιηγητικόν.
865 1827 1090 1913 Περιηγητικόν.

437 1969 476 1979 -
520 1972 562 1979 —-
606 1971 647 1979 —
866 1928 1059 2014 Τυρσηνικόν.

437 2073 478 2082 -
523 2074 564 2082 -
607 2073 648 2082 -
862 2037 1000 2112 Λεσβίων
1015 2034 1065 2095 καὶ
1080 2036 1231 2094 Θετταλῶν
1248 2030 1317 2091 ἔστι.

343 2143 409 2199 Τῶν
429 2134 568 2200 Ἀττικῶν
590 2138 656 2200 ἔστι.
961 2175 1003 2183 -
1046 2174 1087 2182 -
1130 2173 1173 2182 -

330 2237 417 2302 ’Ἁλλο
441 2246 560 2313 πολλοῖς
582 2240 742 2323 εἰρημένον.
864 2243 880 2322 g
903 2234 1034 2301 Ἀτιικόν
1057 2247 1087 2300 et
1111 2244 1235 2318 Δωριεῖς
1259 2240 1275 2319 g

337 2337 464 2406 Ῥόδιον.
859 2337 1022 2404 Ῥοδιακόν.

337 2439 480 2507 Ἀσιανόν
861 2440 1008 2506 Ἀσιοινόν

338 2552 456 2611 Nomen
479 2550 629 2611 omissum.
864 2542 1077 2630 §'Acyotmdv.
1101 2548 1117 2627 ξ

776 2720 843 2800 aa.

472 2846 521 2900 De
542 2842 748 2900 recensionis
770 2845 797 2898 Β
819 2843 1146 2912 interpolationibus.

383 2961 465 3026 Quae
487 2962 640 3039 hueusque
664 2960 888 3036 disputavimus,
911 2961 1101 3038 pertinebant
1124 2961 1160 3017 ad
1178 2979 1220 3031 ea,
1244 2977 1320 3036 quae

297 3065 483 3124 ecommuni
512 3064 672 3140 archetypo
696 3071 812 3124 servata
834 3071 932 3137 erant3
962 3083 1041 3122 nunc
1069 3063 1157 3122 venio
1186 3064 1221 3119 ad
1252 3081 1320 3137 pro-

297 3168 394 3243 prium
410 3167 555 3245 quoddam
571 3167 751 3224 recensionis
767 3169 800 3239 B,
823 3169 901 3246 quod
923 3187 940 3225 e
962 3166 1154 3225 Lesbonactis
1177 3165 1320 3240 opusculo

297 3269 456 3328 abhorrere
477 3269 584 3328 iudico.
629 3271 666 3327 In
693 3271 865 3328 recensione
894 3271 972 3327 enim
995 3270 1020 3327 B
1042 3289 1102 3328 non
1126 3269 1219 3327 solum
1242 3268 1320 3325 The-

299 3375 390 3431 banae
413 3369 612 3450 (Pindaricae)
634 3372 746 3446 figurae
769 3391 856 3430 unam
873 3373 995 3431 formam
1018 3373 1106 3430 etiam
1125 3365 1320 3449 ἕτεράριθμον

298 3475 478 3534 nominatam
498 3475 660 3549 reperimus
676 3474 716 3550 (p.
734 3478 815 3546 45,4
839 3468 946 3532 τούτου
968 3476 1021 3531 τοῦ
1043 3468 1190 3550 σχήματος
1213 3470 1263 3531 καὶ
1285 3467 1318 3530 sd

298 3580 360 3646 τοῖς
383 3569 549 3655 οὐδετέροις
564 3578 779 3652 πληθυντικῶς
800 3570 945 3650 ὀνόμασιν
959 3570 1042 3634 ἕνικὰ
1058 3570 1174 3655 ῥήματα
1190 3569 1319 3654 ἐπάγειν.

298 3672 383 3737 duci
405 3675 516 3758 λέγεται
537 3672 740 3757 ἓτερολριθμον,
765 3669 829 3737 οἷον
845 3671 897 3761 ‘toi
912 3672 1048 3755 πρόβατα
1063 3671 1216 3754 βόσκετοι’
1236 3681 1319 3753 κτλ),

298 3786 348 3843 sed
372 3783 460 3843 etiam
483 3783 513 3840 in
538 3784 596 3840 fine
611 3783 706 3842 libelli
723 3788 863 3861 quattuor
877 3803 969 3842 novas
984 3783 1094 3858 figuras
1109 3783 1230 3853 additas,
1248 3800 1320 3859 qua·
1349 3828 1353 3836 .

298 3908 363 3945 rum
385 3885 499 3944 indoles
522 3888 558 3944 ab
581 3886 823 3946 antecedentibus
845 3886 932 3962 plane
956 3886 1107 3945 dissentit:
1136 3877 1319 3962 ἑπεξήγηοις,
