2812 4710
189 280 233 344 VI
584 320 625 328 -
671 282 732 348 103
777 320 820 330 —

189 459 282 532 μιλλοι
308 448 518 534 Νικοστράτου
547 453 598 516 καὶ
623 447 826 536 Φιλοστράτου
849 457 908 515 τῶν
931 452 963 516 ἒν
984 460 1046 526 τοῖς
1069 451 1087 514 ι’
1111 452 1216 515 νεωτέ-

187 580 251 638 ροις
274 563 431 633 σοφισταῖς
453 555 695 638 διατρεπόντων,
729 551 852 634 μάλιστα
880 554 912 618 dl
939 557 973 618 al
993 555 1129 636 ἐρωτικαὶ
1153 556 1215 618 ἕντι-

188 658 286 720 στολαὶ
304 655 415 738 πολλὴν
431 653 485 737 τὴν
498 659 530 721 ἐκ
546 663 605 720 τῶν
616 657 713 741 λόγων
724 655 942 734 άποστάζουσυι
952 655 1067 738 ἡδονήν
1078 662 1214 739 (Marcia-

188 765 285 844 nusl).
302 767 378 824 Nam
387 772 554 841 temporum
567 765 792 842 computationi,
804 785 863 844 qua
874 765 1025 852 sophistae
1034 771 1161 824 aetatem
1169 764 1215 823 in·

189 868 299 941 venias,
322 887 424 927 ansam
447 889 507 926 non
531 870 654 944 praebet
676 889 736 928 vox
756 861 913 941 ἐνάμιλλοι,
937 889 1013 948 qnae
1036 869 1112 927 nihil
1135 868 1214 926 alind

188 970 317 1030 indicare
345 972 464 1031 videtur
494 991 580 1050 quam
611 967 729 1045 μελέτας
766 971 853 1029 huius
883 971 1076 1031 Lesbonactie
1113 971 1214 1050 aequi·

189 1091 306 1148 parasse
338 1075 519 1150 praestantia
549 1075 749 1134 Nicostratum
780 1080 810 1134 et
839 1074 1062 1135 Philostratum.
1115 1072 1216 1137 Quan-

190 1195 275 1254 quam
299 1196 366 1234 eum
388 1181 524 1252 Augusto
547 1178 742 1237 recentiorem
764 1177 856 1236 fuisse
879 1177 983 1236 Rohde
1006 1185 1086 1236 recte
1109 1196 1148 1234 ex
1169 1177 1215 1234 in·

190 1277 255 1335 dole
287 1278 464 1354 scriptorum
493 1280 646 1352 conclusit,
677 1288 707 1339 et
738 1281 761 1338 si
792 1280 857 1360 quis
881 1280 1004 1339 Luciani
1027 1279 1215 1340 scholiastam

189 1380 219 1437 in
242 1381 297 1440 hac
319 1401 351 1440 re
374 1382 431 1440 fide
454 1383 575 1457 dignum
599 1402 662 1441 esse
685 1382 742 1440 sibi
760 1384 941 1458 persuaserit
954 1416 997 1425 —
1011 1382 1097 1443 velut
1111 1383 1214 1441 Oicho-

189 1483 262 1543 rius:
294 1485 369 1542 Rom
393 1506 420 1543 u.
444 1486 591 1560 Mytilene
617 1506 644 1561 p.
670 1490 709 1544 66
734 1519 784 1558 -,
815 1505 869 1559 ego
900 1505 959 1543 non
992 1486 1104 1558 habeo,
1136 1485 1215 1563 quod

190 1587 292 1646 merito
316 1589 477 1647 obvertam.
522 1587 605 1651 Quae
636 1608 702 1647 cum
731 1587 776 1646 ita
805 1588 873 1661 sint,
905 1587 1025 1647 difficile
1049 1596 1094 1648 est
1125 1587 1215 1660 dictu,

189 1694 286 1747 utrum
325 1691 503 1750 Lesbonacti
534 1691 657 1749 Luciani
695 1710 732 1748 an
770 1690 946 1750 scholiastae
976 1724 1018 1732 -—
1056 1690 1081 1748 si
1111 1708 1216 1749 revera

189 1792 308 1851 fuerunt
329 1793 465 1852 homines
488 1793 596 1852 diversi
622 1828 661 1836 —
684 1793 794 1850 maiore
816 1792 1026 1868 probabilitate
1050 1793 1214 1852 tribuamus

190 1895 261 1952 duas
284 1895 431 1954 orationes
447 1896 640 1955 Lesbonactis
660 1914 768 1954 nomen
784 1915 854 1970 prae
870 1914 901 1953 se
916 1895 1046 1954 ferentes
1062 1895 1216 1973 (Bolskan

190 2016 229 2056 or.
252 2001 315 2057 ntt.
340 1998 365 2056 V
389 2002 448 2056 651
474 1997 530 2077 sq.)
554 2005 584 2058 et
605 1999 682 2060 XVI
704 1991 810 2076 λόγους
832 1990 1013 2071 πολιτικούς,
1038 2017 1112 2076 quoe
1135 1999 1214 2057 Pho·

188 2099 246 2158 tius
276 2099 361 2176 (bibl.
383 2122 413 2178 p.
438 2105 477 2159 52
493 2121 518 2174 a,
543 2101 595 2178 22)
626 2101 706 2175 legit.
730 2135 771 2143 —
797 2101 1062 2161 Animadversione
1091 2100 1211 2174 dignum

189 2208 248 2275 est,
279 2205 357 2282 quod
387 2205 490 2277 eidem,
522 2205 573 2284 qui
597 2206 632 2263 dc
655 2205 839 2264 Lesbonacte
869 2206 989 2263 rhetore
1018 2205 1110 2264 verba
1131 2203 1212 2276 fecit,

188 2305 361 2365 scholiastae
392 2312 509 2382 praesto
540 2308 598 2366 fuit
627 2308 692 2382 ipse
714 2301 933 2382 Λεσβιάνακτος
965 2300 1032 2384 περὶ
1055 2298 1212 2381 σχημάτων

187 2407 313 2467 libellus.
358 2409 402 2467 De
435 2417 554 2469 auctore
587 2411 666 2468 enim
697 2410 801 2468 scholii
824 2410 965 2469 Lucianei
994 2429 1073 2468 nunc
1103 2409 1212 2469 certius

186 2512 315 2570 iudicare
337 2511 415 2584 licet,
438 2518 594 2591 postquam
617 2515 650 2572 E.
674 2515 772 2571 Maass
794 2533 849 2571 nos
872 2514 907 2570 de
930 2511 1030 2571 codice
1053 2511 1211 2585 Lucianeo,

186 2616 264 2673 unde
287 2614 431 2673 scholium
454 2614 527 2672 illud
548 2616 687 2676 haustum
711 2623 765 2689 est,
791 2620 821 2675 et
842 2617 879 2674 de
900 2614 1031 2688 homine,
1054 2614 1102 2674 cui
1124 2621 1212 2674 notae

186 2718 221 2774 ad
243 2717 368 2776 Luciani
392 2717 482 2776 verba
504 2716 649 2792 ascriptae
672 2719 825 2792 debentur,
857 2717 1040 2777 accuratiora
1062 2718 1210 2794 docuit’).

188 2822 263 2879 Nam
282 2841 348 2880 cum
364 2822 516 2893 Aretham,
541 2839 628 2900 quem
651 2840 676 2882 a.
692 2826 753 2880 914
769 2821 983 2898 archiepiscopi
1000 2821 1211 2895 Caesareensis,

186 2943 307 2982 munere
337 2924 471 2982 functum
501 2942 565 2981 esse
595 2924 749 2997 novimus,
779 2924 811 2981 in
842 2923 950 2983 codicis
979 2923 1059 2982 illius
1087 2924 1212 2982 Luciani

188 3027 319 3101 margine
348 3082 362 3105 (ί
374 3026 485 3093 scholia
515 3032 663 3106 quotquot
685 3033 754 3086 sunt
776 3026 899 3106 antiqua
908 3023 922 3051 ’²
945 3045 997 3084 sua
1020 3044 1108 3083 manu
1131 3027 1211 3083 addi-

185 3131 261 3188 disse
284 3129 382 3186 Maass
403 3133 544 3201 testetur,
575 3127 690 3207 ufuisse
720 3148 868 3207 unquam,
900 3128 951 3206 qui
986 3128 1085 3187 dedita
1119 3147 1209 3203 opera

186 3232 349 3290 Lucianum
372 3237 530 3303 enarraret,
562 3231 643 3289 nullo
675 3230 852 3290 scholiorum
879 3229 1005 3304 vestigio
1029 3231 1212 3290 demonstra·

186 3332 257 3394 tur’'
282 3333 391 3409 (Maass
413 3353 443 3409 p.
467 3333 537 3407 783,
563 3333 601 3411 5).
646 3333 753 3413 Itaque
781 3354 841 3392 non
873 3334 992 3407 dubito,
1024 3335 1097 3413 quin
1120 3333 1209 3392 etiam

187 3525 390 3532 ———

256 3625 282 3691 1)
300 3625 354 3685 Quo
380 3626 479 3674 nomine
503 3627 577 3686 vulgo
599 3627 677 3674 fertur
694 3626 748 3672 cod.
767 3627 915 3674 Harleianus
933 3626 998 3673 inter
1015 3626 1093 3673 Musei
1112 3625 1209 3672 Britan·

185 3714 234 3761 uici
252 3728 309 3759 mss.
325 3713 391 3760 5694
409 3712 469 3772 plut.
483 3711 564 3758 LXIV
578 3713 598 3757 B
613 3715 660 3770 183
679 3711 710 3760 cf.
724 3710 861 3771 catalogue
879 3713 907 3759 of
921 3711 1032 3759 ancients
1044 3713 1208 3772 manuscripts

186 3801 211 3846 in
229 3800 271 3846 the
289 3799 382 3845 British
400 3798 512 3845 Museum
530 3799 563 3859 by
581 3799 613 3844 M.
633 3798 784 3857 Thompson,
803 3800 813 3844 l
833 3796 922 3856 Greek,
941 3797 1047 3844 houden
1067 3799 1141 3846 1881.

255 3884 281 3947 2)
299 3883 494 3932 Observationes
512 3884 745 3946 palaeographicae,
770 3883 897 3945 Μόλουρον
919 3882 1016 3945 Graux,
1044 3884 1115 3932 Paris
1135 3885 1209 3948 1884,

185 3989 210 4034 p.
230 3973 278 4019 ⁷59
298 3986 336 4034 sq.
