2812 4710
702 645 833 705 CAPUT
857 646 899 704 ΙΙ.

623 759 624 764 ¹
664 794 716 862 lle
739 795 937 863 codicibus.

637 969 911 1029 Recensionis
936 974 961 1025 Α

374 1106 513 1182 optimus.
528 1105 604 1163 liber
627 1112 673 1164 est

213 1209 262 1285 (F)
288 1211 381 1269 codex
405 1207 625 1267 Laurentianus
655 1208 729 1284 plut.
752 1209 824 1267 LlX
858 1211 920 1268 cod.
947 1209 995 1281 17,
1027 1211 1121 1269 chart.
1152 1230 1204 1267 ms.
1229 1209 1260 1267 in
1286 1214 1316 1268 4.

289 1312 360 1372 min.
384 1333 406 1370 s.
429 1311 496 1370 XV.
549 1311 610 1369 Sub
636 1331 664 1369 u.
688 1311 768 1368 XXl
798 1311 868 1369 indo
899 1332 967 1387 ap.
992 1312 1031 1370 70
1064 1317 1162 1371 exstat
1192 1305 1317 1386 Λεσβῶ-

287 1435 395 1483 cosroe
417 1409 484 1488 περὶ
500 1407 656 1488 σχημάτων
671 1414 723 1472 lib.
769 1415 816 1472 Ex
832 1415 889 1472 hoo
904 1433 1050 1473 manuscr.
1069 1413 1211 1491 descripti
1228 1419 1316 1472 sunt:

195 1533 264 1611 (La)
392 1539 418 1593 1.
443 1533 596 1592 Parisinus
637 1538 717 1592 2649
749 1533 817 1592 XV.
851 1555 873 1592 s.
906 1534 999 1593 chart.
1034 1534 1084 1613 qui
1117 1532 1259 1612 provenit
1301 1553 1317 1593 a

442 1636 578 1695 biblioth.
602 1635 760 1695 cardinalis
783 1635 945 1710 Radulphi.
970 1637 1057 1696 Lesb.
1076 1635 1185 1713 incipit
1206 1657 1236 1713 p.
1254 1637 1315 1694 207

443 1744 474 1797 et
497 1737 625 1817 scriptus
649 1744 694 1797 ast
716 1758 807 1797 mauu
829 1738 896 1796 Iani
919 1738 1095 1798 Lascuridis.

220 1842 263 1921 (S)
393 1847 419 1898 2.
443 1840 595 1900 Parisinus
620 1846 702 1899 2539
729 1839 830 1898 XVII.
861 1861 883 1898 s.
918 1843 1011 1900 chart.
1043 1839 1318 1918 (Delamare-Reg.

445 1948 536 2014 3501,
556 1945 595 2020 3).
641 1943 728 2002 Lesb.
751 1941 861 2018 incipit
883 1964 910 2019 p.
935 1945 985 2002 97.
1029 1944 1128 2002 ludex
1148 1942 1219 2011 libri
1242 1943 1320 2002 haec

444 2045 592 2106 continet:
616 2047 718 2105 (lodex
734 2065 839 2123 papyr.
855 2065 960 2104 recens
983 2066 1000 2105 e
1022 2054 1124 2104 vetere
1146 2047 1246 2125 aliquo
1271 2065 1319 2103 oo·

442 2149 509 2208 dice
524 2167 613 2206 manu
628 2148 764 2207 Salmasii
782 2154 816 2207 ut
831 2147 950 2208 videtur
968 2149 1144 2224 descriptus,
1168 2168 1226 2227 quo
1249 2167 1318 2207 con·

443 2252 595 2310 tinentur:

601 2350 634 2409 1⁰
662 2354 784 2412 Arriani
807 2353 924 2414 tactica.

598 2456 634 2512 2⁰
662 2456 819 2515 Lesbonax
842 2459 879 2514 de
902 2456 1015 2531 figuris.

443 2557 556 2616 Indicis
588 2563 738 2617 auctorem
771 2578 884 2618 errasse
917 2559 1071 2619 contendit
1101 2560 1138 2617 H.
1168 2553 1321 2632 Lebbgue,

444 2661 495 2740 qui
518 2680 616 2740 neque
635 2661 753 2719 Arriani
778 2682 876 2742 neque
903 2661 1093 2720 Lesbonactis
1116 2667 1232 2719 textum
1256 2662 1321 2719 Sol-

444 2763 537 2823 masio
561 2765 673 2837 deberi,
704 2766 756 2823 sed
777 2765 922 2823 lectiones
946 2764 1139 2824 correctiores
1168 2766 1204 2821 ab
1227 2783 1262 2821 eo
1287 2765 1321 2822 iu

447 2865 578 2941 margine
601 2867 766 2943 adscriptas
790 2888 854 2927 esso
877 2866 1040 2926 confirmat.

218 2987 266 3064 (P)
377 2985 476 3043 Etiam
499 2986 607 3045 tertius
630 2987 784 3046 Parisinus
814 2988 890 3046 1270
919 3006 935 3044 e
958 2986 1133 3046 Florentino
1164 2987 1321 3047 derivatus

291 3088 413 3148 videtur
436 3109 508 3157 esse,
531 3097 630 3148 tamen
653 3091 709 3148 hoo
733 3110 789 3148 non
816 3110 868 3166 pro
888 3095 969 3148 certo
992 3109 1091 3148 assero
1115 3096 1145 3148 et
1168 3110 1234 3149 eum
1257 3092 1321 3150 for·

292 3195 371 3248 tasse
395 3191 591 3249 Laurentiani
614 3194 737 3250 fratrem
761 3212 825 3250 esse
849 3193 1070 3266 agnoscendum
1087 3194 1224 3252 concedo.
1260 3192 1320 3256 Qui

293 3294 356 3352 cod.
382 3294 449 3352 XV.
473 3314 495 3350 s.
520 3295 614 3352 chart.
645 3295 731 3353 venit
760 3315 775 3354 o
804 3295 944 3354 biblioth.
975 3295 1132 3355 cardinalis
1157 3296 1320 3374 Radulphi.

378 3411 515 3471 Parisino
537 3413 617 3470 1270
641 3434 712 3472 usus
735 3419 779 3473 est
805 3416 911 3473 Petrus
933 3415 1099 3487 Renander,
1122 3415 1174 3494 qui
1199 3416 1321 3492 scripsit

182 3515 265 3590 (Vct)
293 3517 355 3573 cod.
379 3514 556 3573 Vaticanum
587 3515 724 3574 biblioth.
759 3517 865 3590 Regin.
896 3539 925 3576 n.
953 3523 1008 3576 131
1043 3518 1237 3578 Lesbonactis
1265 3520 1321 3578 lib.

292 3616 312 3675 f.
346 3617 493 3675 37—39'·
518 3617 731 3676 continentem.
788 3619 921 3678 Scribam
952 3621 1029 3679 onim
1064 3623 1195 3696 produnt
1228 3625 1320 3681 notae

292 3722 313 3779 f.
339 3721 434 3781 137'·:
464 3716 552 3787 τέλος.
588 3720 681 3779 Paris.
716 3727 765 3779 28.
797 3722 935 3781 Decemb.
971 3723 1040 3800 styl.
1072 3743 1143 3782 nov.
1178 3727 1257 3781 1650
1290 3733 1321 3782 et

292 3825 313 3881 f.
338 3826 419 3880 cclv·
443 3822 562 3896 (ultima
581 3822 679 3899 pag.):
699 3821 787 3891 τέλος.
806 3825 899 3883 Paris.
920 3830 965 3881 13.
984 3825 1098 3884 Febr·
1111 3829 1169 3883 651
1189 3827 1321 3884 absolvit

294 3926 399 3984 Petrus
422 3926 588 3985 Rouander.
