2812 4710
679 1240 721 1307 V.

535 1430 596 1507 DE
623 1428 861 1509 FONTIBUS.

272 1673 406 1734 Vidimus
437 1672 529 1746 igitur
559 1672 616 1730 tria
647 1672 795 1731 schemata
824 1691 841 1730 a
871 1672 971 1748 lyricis
1000 1673 1148 1751 appellate
1178 1673 1210 1730 in

187 1776 353 1836 Aristarchi
375 1775 494 1850 scriptis
517 1776 686 1849 occurrisse,
710 1776 846 1852 Ibycium
869 1781 968 1835 autem
992 1777 1027 1834 ab
1051 1777 1102 1836 illo
1124 1776 1229 1840 aliter.

187 1878 365 1955 explicatum
399 1897 462 1936 esse
500 1885 588 1957 atqua
617 1898 634 1936 a
664 1883 764 1938 nostro
794 1878 953 1957 scriptore,
994 1881 1072 1959 quod
1101 1879 1210 1939 formas

186 1982 269 2041 velut
291 1979 480 2060 παμφαίνῃσι
504 1980 540 2037 ab
556 1981 648 2059 Ibyco
670 1985 826 2057 usurpatas
849 1982 1053 2043 coniunctivos
1076 2000 1140 2040 esse
1160 1983 1210 2040 ad·

187 2084 248 2143 dita
278 2084 392 2162 syllaba
412 2080 442 2142 ἶι
472 2090 551 2143 recte
581 2085 700 2156 statuit,
731 2084 891 2143 Lesbouax
921 2084 1126 2144 coniunctivos
1155 2104 1208 2161 pro

186 2187 356 2246 indicativis
387 2206 404 2244 a
432 2192 521 2263 poeta
549 2186 642 2263 lyrico
673 2185 822 2246 adhibitos
853 2206 918 2245 esse
949 2191 1060 2246 censet.
1104 2187 1210 2246 Hoca

186 2298 286 2349 nostro
315 2290 474 2365 scriptore,
505 2289 529 2347 si
560 2288 653 2364 ipsius
683 2289 848 2348 Aristarchi
876 2289 925 2349 vel
954 2289 1209 2349 Aristarcheornm

187 2393 411 2452 commentarios
432 2392 546 2466 adierit,
577 2398 716 2451 novatum
740 2410 804 2451 esse
834 2398 938 2469 putare
960 2392 1038 2452 licet.
1081 2391 1138 2451 Sed
1160 2393 1207 2453 fac

187 2497 400 2555 Lesbonactcm
421 2498 524 2554 harum
547 2495 707 2571 figurarum
729 2495 867 2555 notitiam
883 2516 941 2554 nou
959 2515 998 2553 ex
1012 2496 1077 2571 ipsa
1091 2495 1209 2554 scholae

188 2600 392 2657 Aristarcheae
427 2599 569 2671 doctriua,
601 2618 703 2658 verum
735 2619 773 2657 ex
804 2598 861 2658 elio
892 2599 975 2657 fonte
1007 2598 1091 2677 quasi
1118 2598 1209 2657 inter·

188 2701 282 2757 medio
306 2700 477 2775 repetiisse:
507 2701 752 2776 circumspicienti
776 2705 891 2774 tamen,
924 2707 997 2780 quot
1017 2705 1109 2760 testes
1130 2705 1209 2760 aeta·

187 2809 246 2861 tem
269 2803 399 2874 tulerint,
429 2824 489 2861 nou
520 2807 692 2875 occurrunt,
724 2804 802 2860 unde
832 2803 883 2861 ille
913 2805 1042 2880 pendere
1064 2804 1208 2864 videatur.

188 2906 271 2963 Inter
301 2906 355 2964 hos
383 2906 554 2981 primarium
584 2905 682 2964 locum
711 2907 825 2964 obtinet
855 2906 1058 2980 Herodianus,
1096 2907 1147 2986 qui
1177 2906 1209 2964 in

187 3006 288 3066 libello
319 3003 386 3084 περὶ
409 3000 564 3084 σχημάτων
597 3008 763 3083 conscripto
786 3014 904 3083 praeter
926 3009 1139 3068 Lesbonactem
1163 3030 1208 3068 so-

187 3110 233 3168 lus
255 3118 315 3169 tres
331 3110 439 3184 figuras
462 3131 479 3169 a
493 3109 595 3187 lyricis
610 3110 705 3185 poetis
724 3111 890 3169 nominatas
906 3111 1085 3170 coniunctim
1101 3117 1209 3172 tracta-

187 3214 232 3271 vit
254 3212 352 3289 (Walz
376 3215 419 3273 rh.
432 3213 480 3272 Gr.
497 3213 575 3270 VIII
597 3233 627 3289 p.
645 3217 715 3286 605,
738 3213 867 3288 Spengel
890 3215 934 3272 rh.
951 3213 999 3272 Gr.
1017 3215 1066 3272 III
1081 3235 1111 3292 p.
1128 3216 1208 3293 100).

184 3319 355 3391 ⁴Videamus,
376 3338 434 3396 quo
455 3318 682 3377 necessitudinis
702 3318 821 3378 vinculo
843 3318 1001 3394 scriptores
1021 3320 1210 3378 cohaereant:
