2812 4710
96 292 160 364 tn
492 334 533 348 —-
578 292 637 365 111
684 336 725 347 —-

98 474 188 555 δεῦρο
212 467 399 554 άνθράποις,
422 477 496 536 haeo
516 481 600 535 notat
615 477 656 554 (p.
677 477 768 554 192):
790 475 817 534 τί
832 469 996 554 μαθόντες]
1013 462 1125 552 οίραίον

97 571 130 637 τδ
147 579 253 654 σχῆμα,
277 565 301 660 ᾧ
323 575 374 636 καὶ
397 579 495 660 πολλῷ
516 571 695 657 Ἑρμογένης
718 576 750 638 έν
771 581 812 661 τῷ
834 577 901 656 περὶ
920 576 1006 636 ἰδεῶν
1021 575 1124 655 κέχρη-

98 702 157 754 ται,
187 683 326 760 idemque
351 683 438 758 adp.
465 686 534 755 145,
560 687 596 740 15
621 682 661 759 (p.
688 683 776 760 195):
808 674 849 752 aig
878 682 943 740 λίαν
971 683 1058 739 τοῦτο
1090 674 1124 738 ιδ

99 782 208 862 χωρίον
230 777 329 843 καλόν.

183 887 302 946 Scholia
333 887 425 964 igitur
459 889 518 945 iam
555 890 611 946 hae
640 906 673 945 re
701 890 845 947 Aretham
885 892 1033 947 auctorem
1067 887 1123 946 sibi

99 991 261 1050 vindicant.
316 993 417 1070 Atque
455 990 574 1064 gravius
604 998 809 1066 argumentum
840 991 997 1067 proferam.
1047 991 1124 1047 Miro

101 1094 179 1150 enim
211 1112 310 1151 errore
343 1095 448 1152 duotus
485 1101 515 1153 et
545 1094 719 1152 Philostrati
753 1101 783 1152 et
814 1094 936 1152 Luoiani
968 1093 1128 1152 scholiasta

102 1195 261 1271 Menippea
284 1195 425 1267 confudit,
448 1216 573 1274 quorum
596 1195 671 1255 alter
693 1215 710 1253 a
732 1196 913 1255 Philostrato
938 1197 1013 1273 (rita
1027 1196 1126 1271 Apoll.

103 1299 146 1356 IV
169 1303 208 1356 25
232 1319 261 1374 p.
288 1298 341 1374 75)
371 1298 503 1378 aequalis
526 1298 676 1374 Apollonii
702 1298 867 1375 Tyanensis
897 1299 988 1357 fuisse
1011 1299 1126 1370 dieitur,

104 1401 185 1472 alter,
207 1419 295 1480 quem
318 1402 467 1459 Luoianus
490 1402 521 1458 in
536 1402 764 1477 Ioaromenippo
787 1403 897 1477 primas
919 1408 1018 1478 partes
1040 1420 1128 1475 agen-

104 1512 161 1562 tem
176 1502 257 1576 faoit,
273 1509 369 1562 aetate
385 1503 547 1562 Ptolemaei
564 1504 751 1579 Philadelphi
768 1505 859 1564 vitam
876 1506 956 1579 degit
971 1502 1049 1581 (otg
1063 1501 1130 1578 15):

105 1605 195 1664 sohol.
213 1607 352 1665 Philostr.
368 1627 397 1682 p.
414 1607 463 1676 75,
481 1611 517 1664 ll
537 1605 578 1683 (p.
600 1607 689 1683 187):
706 1603 884 1675 Μένιππος·
902 1593 940 1664 οὗ
956 1597 1130 1672 Λουκιανδς

105 1704 256 1782 μέμνηται.
305 1710 395 1767 schol.
427 1708 549 1766 Luoian.
580 1710 743 1771 Ioaromen.
775 1711 833 1769 vol.
856 1710 907 1768 ΠΙ
939 1729 967 1784 p.
992 1715 1030 1767 38
1057 1730 1086 1767 v.
1112 1712 1126 1765 1

104 1811 161 1885 (ed.
191 1810 326 1870 Jaoobitz
348 1812 392 1869 IV
422 1830 450 1886 p.
476 1813 566 1887 196):
603 1803 855 1888 Ἰκαρομένιππος
886 1802 903 1869 δ
937 1800 1131 1887 προκείμενος

105 1909 315 1993 ἐπιγέγραπται
343 1907 430 1992 λόγος
462 1907 512 1970 διά
541 1909 593 1987 μέν
623 1906 654 1970 τδ
686 1905 797 1987 πτηνδν
821 1906 992 1992 εἰσάγεσθαι
1014 1905 1064 1970 τδν
1087 1914 1128 1994 τῷ

107 2009 235 2092 δράματι
256 2008 458 2091 δποκείμενον,
487 2013 528 2084 εἰς
541 2009 669 2093 Ἴκαρον
691 2012 742 2075 τδν
767 2009 919 2075 Δαιδάλου
941 2007 1131 2094 δποφερόμε·

105 2139 169 2189 νον,
193 2113 243 2176 διά
267 2115 298 2177 δὲ
323 2113 355 2177 τδ
379 2112 624 2197 μεγαλόπραγμον
650 2116 701 2177 καὶ
724 2119 876 2197 περίεργον
898 2114 949 2176 καὶ
972 2121 1131 2193 φασμάτω-

105 2219 153 2290 δες
176 2219 217 2291 εἰς
239 2219 404 2281 Μένιππον
427 2215 478 2280 τδν
503 2215 636 2279 Κννικδν
659 2216 824 2304 φιλόσοφον
850 2212 1061 2298 ἁρμοζόμενον,
1096 2214 1132 2290 δς

115 2319 262 2402 Πατάρων
284 2317 426 2403 άπάρχων
448 2327 500 2400 της
516 2325 632 2393 Λυκίας
655 2323 703 2382 καὶ
728 2317 781 2399 τὴν
802 2316 1018 2392 Ἀντισθένους
1040 2317 1130 2394 δόξαν

110 2418 352 2501 ὑποποιούμενος
382 2432 516 2507 γενναῖος
546 2415 584 2503 ἦν
613 2424 664 2485 καὶ
695 2424 966 2506 συγκεκροτημένος
989 2420 1021 2485 ro*
1046 2428 1131 2501 σῶμα
1208 2471 1211 2475 -

109 2527 159 2586 καὶ
182 2523 239 2588 οὐκ
255 2521 400 2605 άδόκιμος
422 2525 494 2588 οὐδὲ
517 2524 571 2606 την
593 2523 667 2604 ὄψιν
690 2524 746 2589 ὅσα
769 2523 845 2608 πρδς
869 2523 950 2607 δέραν
975 2523 1066 2610 (δέρας
1082 2531 1133 2590 So·

110 2626 429 2711 100110)εάπρο’σωπον
459 2626 642 2712 δποφέρεται
672 2631 721 2692 καί
752 2626 850 2701 οὕτως
875 2627 959 2704 ὥστε,
992 2631 1018 2691 εἰ
1039 2633 1135 2703 πίστις

111 2726 213 2792 ὕπεστι
240 2729 470 2817 Φιλοστράτῳὶ)
493 2738 534 2817 τῳ
561 2736 659 2818 Τυρίῳ
682 2730 735 2794 τδν
750 2734 959 2795 Ἀπολλωνίου
982 2737 1036 2795 τοῦ
1057 2739 1133 2794 Τυα-

111 2833 185 2907 νέως
208 2831 411 2917 α’ναγράφοντι
434 2836 511 2914 βίον,
534 2836 584 2897 καὶ
607 2831 667 2897 δπδ
686 2833 861 2915 Ἐμποάσης
877 2837 1044 2917 ἐρασθῆναι
1059 2831 1133 2896 κατά

114 2933 270 3018 Κόρινθον
299 2943 352 3017 τῆς
386 2934 616 3017 Πελοποννήσου
647 2943 704 3020 (IV
728 2946 766 3000 25
798 2963 827 3017 p.
851 2943 890 3000 75
921 2943 1049 3018 Kayser)
1082 2938 1131 2998 κα1

114 3034 172 3101 άπδ
205 3039 320 3117 τούτου,
354 3042 417 3103 ἐπεὶ
450 3043 618 3123 περιέτυχεν
645 3038 836 3126 Ἀπολλωνίῳ
859 3045 900 3123 τῷ
930 3039 1135 3125 προειρημένῳ

113 3139 196 3224 γόητι
225 3142 392 3230 άνθράπῳ,
425 3141 537 3224 ὅμοιος,
570 3147 671 3221 φασίν,
704 3139 798 3230 ὁμοίῳ
828 3140 983 3222 συνήφθη.
1029 3142 1080 3204 καὶ
1102 3139 1135 3204 τδ

112 3250 165 3307 τοῦ
194 3248 262 3326 βίον
294 3245 400 3310 λοιπδν
427 3244 684 3318 δυσαποσπάστως
707 3247 808 3327 έσχηκε
830 3244 947 3321 τούτου,
979 3248 1138 3327 τερατείαις

116 3371 145 3408 τε
168 3357 371 3433 συνευκαιρῶν
393 3352 443 3412 καὶ
466 3352 507 3424 είς
523 3349 613 3430 μηδὲν
627 3345 708 3432 άγιές
723 3352 857 3422 διανοίας
872 3347 923 3429 νην
939 3346 1043 3429 σχολην
1063 3345 1137 3411 άπο·

114 3452 283 3534 διατρίβων.
328 3453 375 3516 διδ
409 3454 459 3515 καὶ
494 3449 511 3517 δ
542 3450 648 3531 παροίν
671 3449 844 3525 Λονκιανδς
874 3457 1137 3533 φασματολογῆσαι

113 3560 200 3617 τοῦτο
232 3553 270 3634 δή
299 3555 331 3619 τά
364 3556 493 3636 σύνηθες
522 3554 605 3640 αὐτῷ
636 3555 844 3642 προηρημένος
866 3556 916 3616 καί
939 3550 1137 3635 άπερνεφέλια

113 3657 346 3735 τερατεάσασθαι
375 3657 545 3741 συζεύγνυσι
583 3654 679 3743 κου’τῳ
709 3655 761 3719 τδν
783 3653 926 3739 Ἴκαρον,
960 3661 1039 3720 λίνον
1068 3660 1137 3743 λίνῳ

113 3816 317 3827 ————.

184 3900 209 3963 1)
227 3905 392 3952 Philostratus
418 3905 506 3951 citatur
533 3902 606 3950 etiam
631 3902 709 3949 schol.
734 3901 837 3948 Luoian.
863 3901 888 3947 11
912 3916 936 3961 p.
957 3901 1014 3958 233,
1040 3901 1072 3946 24
1097 3899 1138 3960 (os.

115 4006 190 4052 supra
209 4007 232 4052 p.
254 3988 321 4057 102),
340 3991 415 4038 sohol.
435 3990 539 4036 Luoian.
558 3988 582 4033 II
599 4002 624 4047 p.
644 3989 701 4048 212,
722 3988 761 4035 10.
