2812 4710
421 463 447 538 o)
482 464 534 522 De
558 464 713 524 codicis
737 466 761 522 Ο
786 467 1002 543 excerptis.

284 585 327 642 Ea
349 603 388 641 ex
409 583 487 642 libro
510 584 616 644 hausta
639 603 717 658 esse,
744 587 795 665 qui
817 587 998 645 recensionis
1020 588 1044 645 B
1066 587 1221 647 rectiorem

192 687 352 761 imaginem
375 687 552 762 praebebat,
585 687 656 745 satis
685 688 754 746 inde
778 690 927 768 sequitur,
960 692 1038 769 quod
1061 690 1221 765 figurarum

192 791 315 849 nomina
337 791 440 849 eodem
463 791 549 848 modo
572 794 661 868 atque
684 792 773 850 Laur.
797 792 940 851 exhibent
971 791 1020 868 (cf.
1045 812 1120 872 quoe
1144 794 1179 850 de
1202 793 1221 850 b

191 894 290 969 primo
323 893 388 953 loeo
418 892 567 969 diximus).
619 892 709 951 Illum
742 895 870 953 codicem
900 916 958 954 non
988 896 1219 956 Laurentianum

191 1002 325 1056 nostrum
347 996 439 1054 fuisse
462 996 531 1052 hinc
554 996 766 1070 cognoscimus,
790 997 868 1075 quod
892 1004 1099 1074 excerptorum
1120 1004 1222 1057 auctor

191 1098 336 1157 nonnulla
358 1099 445 1157 huius
468 1098 576 1157 codicis
598 1097 673 1158 vitia
694 1099 809 1171 vitavit,
841 1120 857 1158 e
880 1101 987 1179 quibus
1017 1120 1107 1159 unum
1140 1105 1220 1159 certe

168 1278 171 1284 Ι
191 1223 253 1261 non
284 1222 322 1260 ex
344 1202 464 1277 ingenio
491 1203 647 1260 emendare
671 1207 795 1279 poterat.
840 1204 898 1261 Pro
922 1203 1118 1263 Laurentiani
1142 1203 1219 1263 enim

189 1296 325 1381 ἡρωϊκόν
365 1304 406 1381 (p.
432 1309 482 1377 39,
508 1303 540 1382 9)
579 1305 666 1363 offert
704 1297 839 1382 Τρωϊκόν
876 1325 941 1364 cum
974 1308 993 1363 b
1034 1306 1220 1364 consentiens

191 1409 234 1484 (p.
253 1409 322 1480 270,
339 1408 402 1483 28).
447 1407 584 1468 Ceterum

404 1545 479 1592 Lacr.
960 1543 982 1590 0

190 1645 215 1689 p.
236 1623 527 1696 35,15’Δλκαβανικσ’ν
717 1643 741 1689 p.
761 1629 820 1689 270,
840 1632 870 1678 13
888 1621 1059 1692 ’Δλκμανικόν

189 1730 215 1775 p.
236 1718 278 1774 43,
297 1717 327 1763 15
346 1729 385 1761 om
404 1709 575 1778 πληθυντικσὶς
703 1724 741 1774 ip,
760 1716 818 1773 271,
836 1717 868 1763 32
887 1707 1059 1777 πληθυντικάς

189 1816 216 1861 p.
236 1804 310 1861 45,6
347 1795 478 1862 οὐδέτερον
717 1801 848 1860 [12726
886 1793 1028 1862 οὐδετέροις

190 1902 214 1946 p.
234 1885 326 1953 46,;25
345 1879 423 1951 ἡμεῖς
717 1900 741 1946 p.
762 1886 821 1946 271,
839 1887 869 1934 22
890 1879 964 1947 ὑμεῖς

189 1975 309 2037 poue
344 1966 373 2022 τὸ
393 1967 423 2023 δὲ
440 1970 472 2036 τῇ
493 1967 581 2035 γενικῇ
594 1959 691 2020 πτώσει
717 1986 741 2031 p.
760 1974 819 2030 271,
838 1973 871 2019 30
888 1963 1006 2020 'Arciade
1023 1966 1051 2021 τὰ
1072 1968 1106 2036 τῇ
1125 1968 1216 2036 δοτικῄ

344 2051 446 2120 γενικὰς
481 2052 607 2120 ἐπιφέρειν
640 2053 690 2106 τῶν
886 2051 984 2106 πτώσει
1001 2050 1103 2118 γενικὰς
1129 2053 1217 2118 ἐπιφέ-

344 2135 466 2192 Ἀττικιῖιν
484 2138 544 2191 ἐστι.
564 2137 629 2206 φασὶ
640 2135 689 2205 γὰρ
888 2155 938 2203 ρειν
956 2141 1009 2191 κτλ.

345 2219 406 2291 ,οὐκ
435 2217 465 2277 ἄν
500 2221 563 2290 η’μῖν
595 2223 689 2292 συνέβη

343 2311 417 2364 τοῦτο
451 2311 540 2362 παθεῖν
576 2305 689 2378 εὐσεβῶν

344 2391 444 2450 ὄντων’.

187 2501 214 2546 p.
235 2489 275 2545 52,
293 2487 324 2534 18
342 2479 458 2537 Ῥοδικόν
715 2500 740 2545 p.
760 2486 819 2544 272,
836 2485 867 2533 22
885 2475 1019 2533 Ῥοδιακόν

187 2587 214 2632 p.
235 2564 503 2631 53,15Ἀσιασιανόν
715 2585 739 2630 p.
760 2570 818 2628 272,
836 2572 866 2617 27
886 2559 1011 2620 ’Δσιανῶν

276 2695 426 2769 Excerptu
447 2691 556 2751 codicis
579 2690 603 2747 0
635 2690 730 2748 denuo
757 2688 917 2748 lectoribus
939 2687 1028 2763 plena
1049 2705 1217 2762 proponere

187 2814 441 2873 supervacaneum
463 2794 560 2853 visum
576 2798 630 2852 est.
661 2791 897 2866 Disorepantiom
913 2789 1050 2848 lectionis
1065 2789 1213 2861 adnotavi,

186 2899 240 2958 ubi
263 2900 337 2958 scire
359 2899 491 2970 interest,
514 2896 586 2975 quid
609 2895 702 2953 codex
724 2893 775 2952 ille
797 2892 947 2969 praebeat.

275 3001 346 3061 Tres
375 3000 466 3075 igitur
494 2996 722 3058 recensionisB
753 3002 844 3055 testes
872 2996 957 3054 uobis
987 2998 1105 3071 praesto
1136 2999 1214 3068 sunt,

188 3127 315 3187 quorum
337 3102 570 3165 Laurentianum
592 3097 794 3157 fidelissimum
817 3098 969 3157 habemus.
1005 3095 1215 3170 Disputatione

187 3213 225 3269 dc
255 3210 345 3271 variis
353 3201 606 3290 ‘libelli'pformis
636 3202 677 3260 sic
706 3201 742 3258 ad
772 3200 862 3258 finem
891 3200 1032 3276 perducta
1061 3202 1214 3256 stemmate

187 3311 411 3383 illustrabimus,
436 3326 512 3388 quae
535 3305 722 3381 perspexisse
745 3305 831 3363 nobis
853 3304 1021 3365 videamur:
