2812 4710
106 269 168 337 vn
494 273 728 342 -109-

190 453 266 511 Nam
289 471 336 511 res
357 452 497 511 facillime
520 472 555 511 eo
578 454 762 526 discernitur,
785 454 863 534 quod
886 451 1044 513 scholiasta
1066 451 1131 512 Ho-
1188 443 1191 450 ’

106 572 185 612 mero
208 554 315 614 tribuit
344 552 492 635 u‹laotyero
516 551 548 613 δὲ
570 550 677 633 σάρκες
686 554 708 613 ”.
755 557 820 616 Hoc
850 557 929 615 enim
952 557 982 614 in
1006 557 1128 615 Homeri

106 656 285 716 carminibus
308 678 366 716 non
390 658 551 732 invenitur,
581 661 631 717 sed
655 659 842 717 Pindaricum
865 661 1062 734 fragmentum
1085 667 1130 718 est

107 760 155 838 (cf.
179 759 224 838 B).
269 761 391 820 Causam
414 767 521 835 autem,
553 768 606 821 cur¹
632 762 676 820 illi
699 769 804 838 poetae
833 762 1001 838 exemplum
1024 763 1129 822 scholii

106 868 208 922 auctor
238 864 444 938 vindicaverit,
474 867 559 925 docet
589 885 645 924 rec.
669 869 705 938 A,
737 866 788 923 ubi
811 866 934 924 Homeri
957 885 1065 925 nomen
1088 866 1131 924 ita

107 967 234 1041 positum
258 975 311 1040 est,
340 974 374 1026 ut
403 969 440 1025 ab
463 968 583 1025 homine
605 968 772 1043 neglegenti
797 969 832 1025 ad
855 946 1023 1044 exemplum
1046 976 1130 1028 ante·

107 1071 213 1127 cedens
248 1071 352 1129 referri
388 1070 490 1146 possit.
537 1072 669 1130 Eundem
700 1090 828 1130 errorem
859 1072 1006 1131 commisit
1036 1071 1129 1131 altero

107 1173 178 1231 loco.
224 1173 348 1233 Notavit
378 1173 455 1232 enim
487 1175 522 1231 ad
545 1174 718 1232 Philostrati
744 1176 835 1233 verba
857 1193 886 1249 p.
914 1179 981 1248 155,
1006 1180 1038 1234 5:
1070 1171 1130 1233 ἔστι

108 1297 144 1346 τι,
168 1261 192 1333 oi
215 1273 346 1354 βασιλεῦ,
370 1270 559 1350 ψευδόσοφοὶ
576 1296 606 1334 τε
628 1274 679 1334 καὶ
701 1270 868 1354 ἀγείροντες
889 1278 961 1336 haec
984 1277 1026 1354 (p.
1042 1278 1129 1355 196):

108 1371 228 1454 Δώριον
265 1371 297 1437 ro*
329 1380 424 1454 σχῆμα
460 1375 549 1458 ἑνικῷ
580 1371 689 1453 ῥήματι
720 1372 892 1437 συντάσσειν
922 1373 1129 1455 πληθυντικόν

107 1472 211 1554 ὄνομα,
221 1473 328 1538 nud'li
344 1478 394 1539 καὶ
404 1476 476 1559 παρ’
491 1474 611 1563 Ὁμήρῳ
621 1479 763 1561 u‹ltcc'yero
779 1475 991 1561 blodoneg”1).
1015 1482 1128 1546 Quodsi
1210 1565 1212 1568 v

107 1585 293 1643 scholiastam
317 1585 546 1644 Philostrateum
575 1585 737 1661 exemplari
760 1587 952 1645 Lesbonactis
975 1588 1011 1645 ab
1036 1590 1060 1643 A
1084 1605 1128 1644 re·

107 1689 189 1746 dacto
221 1709 306 1747 usum
338 1708 401 1746 esse
424 1689 622 1764 probavimus,
645 1688 749 1762 etiam,
780 1690 926 1766 quomodo
957 1688 1045 1747 simul
1070 1687 1128 1763 Θη-

106 1783 212 1865 βαϊκόν
235 1798 265 1851 et
283 1784 469 1869 Πινδαρικόν
491 1791 638 1849 nominari
661 1791 758 1849 dicere
773 1791 911 1867 potuerit,
935 1792 1128 1867 perspicitur:

105 1892 178 1968 legit
199 1894 295 1952 locum
320 1900 499 1972 corruptum,
523 1893 639 1973 qualem
662 1898 689 1952 A
713 1895 843 1969 praebet,
870 1900 900 1952 et
922 1895 1028 1967 omisit,
1052 1913 1128 1973 quae

105 2003 172 2072 post
197 1990 352 2072 Θηβαϊκόν
374 1999 484 2073 scripte
506 2003 599 2056 erant.
636 1998 700 2055 Iam
723 1998 759 2056 de
782 1997 886 2055 scholii
903 2002 1021 2056 auctore
1037 2017 1127 2076 quae·

105 2100 187 2158 ritur.
240 2101 382 2160 Aretham
416 2101 632 2176 agnoscendum
665 2118 728 2158 esse
764 2099 851 2158 facile
883 2100 954 2157 mihi
985 2101 1127 2174 persuasi.

105 2203 178 2260 Nam
201 2203 270 2261 huic
292 2204 357 2263 viro
380 2211 466 2263 notas
488 2204 525 2261 ad
539 2201 712 2261 Philostrati
729 2201 920 2276 Apollonium
944 2222 961 2260 a
979 2203 1128 2262 codicibus

106 2305 259 2366 deterioris
281 2306 411 2365 familiae
430 2306 552 2366 traditas
575 2305 684 2377 deberi,
709 2323 877 2384 quanquam
900 2324 997 2384 neque
1020 2306 1128 2366 diserto

105 2410 274 2468 testimonio
296 2427 393 2488 neque
410 2409 518 2468 codicis
533 2409 679 2483 scriptura
690 2403 719 2485 9)
735 2409 950 2484 comprobatur,
966 2408 1031 2484 ipsa
1046 2409 1129 2468 scho-

106 2510 213 2570 liorum
235 2512 350 2571 indoles
371 2511 491 2571 indicat
525 2510 590 2574 Qua
612 2511 644 2568 in
667 2510 840 2591 quaestione
862 2531 1021 2588 parumper
1034 2531 1130 2570 mora·

106 2617 167 2674 bor.
211 2615 322 2673 Eodem
346 2616 425 2673 enim
448 2635 538 2688 more,
567 2634 626 2694 quo
649 2615 777 2674 Arethas
799 2672 814 2694 u
824 2615 982 2690 scriptores
1004 2635 1080 2688 suos,
1104 2617 1127 2674 si

107 2718 178 2796 quid
201 2718 299 2777 minus
322 2719 427 2778 dextre
449 2718 628 2777 contendere
655 2717 836 2791 riderentur,
867 2719 978 2777 ironice
1002 2718 1129 2798 alloqui·

104 2826 153 2878 tur
175 2828 264 2900 atque
287 2822 359 2879 adeo
379 2818 559 2892 maledicit”,
582 2819 740 2879 scholiasta
755 2823 785 2878 in
802 2821 1016 2881 Philostratum
1032 2822 1081 2882 vel
1097 2824 1129 2881 in

105 2924 296 3001 Apollonium
326 2924 479 2983 invehitur
510 2930 540 2983 et
570 2924 671 2981 eodem
703 2943 784 2982 more
812 2943 871 3002 quo
893 2925 1031 2997 Arethas,
1062 2944 1128 2983 eum

174 3197 199 3260 1)
218 3199 272 3244 Non
291 3199 315 3244 in
335 3212 363 3245 eo
382 3199 545 3258 offendimus,
564 3199 628 3258 quod
648 3199 747 3246 scheme
764 3198 920 3245 Pindaricum
940 3213 1006 3245 nunc
1023 3199 1129 3246 Dorium

104 3290 184 3331 vocat.
213 3285 283 3332 Haec
301 3285 366 3332 enim
385 3286 533 3344 permutatio
552 3300 582 3332 ax
598 3290 650 3331 tota
667 3285 780 3332 doctrina
798 3285 829 3331 de
841 3284 975 3343 figurarum
987 3284 1129 3332 nominibus

104 3371 238 3431 antiquitus
256 3373 404 3431 pervulgata
421 3378 476 3417 orta
493 3377 544 3431 est3
563 3371 594 3417 cf.
611 3385 636 3430 p.
656 3374 687 3420 ta
706 3385 742 3430 sq.

173 3453 199 3517 2)
217 3458 410 3517 Antiquissimus
429 3457 557 3504 deterioris
575 3457 681 3504 familiae
699 3457 777 3504 codex
789 3461 827 3503 est
838 3456 911 3503 Laur.
926 3456 988 3517 plut.
1001 3455 1084 3503 LXIX
1096 3459 1128 3506 ³3

104 3559 123 3590 s.
133 3544 177 3603 XI,
195 3557 268 3604 quem
286 3543 392 3590 Bendini
411 3544 446 3590 ita
463 3543 592 3590 describit:
612 3543 685 3607 “vita
696 3542 822 3603 Apollonii
840 3557 933 3589 consor.
952 3543 1129 3591 aPhilostrato

104 3631 175 3676 utin
192 3629 247 3678 cod.
267 3631 298 3678 26
317 3630 390 3678 huius
407 3629 486 3690 plutei
504 3630 535 3694 (s.
548 3628 622 3691 XV)3
642 3629 682 3675 hic
699 3643 796 3689 quoque
814 3635 944 3675 occurrunt
956 3630 1129 3677 adnotationes

104 3716 252 3776 marginales
270 3715 301 3763 ab
319 3717 403 3764 eadem
423 3716 525 3774 antiqua
549 3729 623 3762 manu
642 3720 755 3763 aeratae
781 3715 919 3774 etquidem
938 3715 1016 3761 multo
1034 3714 1129 3762 uberio-

104 3816 143 3849 res
161 3817 234 3862 quam
257 3802 283 3848 in
301 3803 366 3850 dicte
384 3801 496 3850 codice”.
532 3800 604 3860 Quod
622 3801 697 3861 igitur
722 3801 754 3847 ab
780 3801 866 3848 eodem
884 3800 982 3847 homine
1000 3805 1081 3849 textus
1106 3806 1130 3848 et

105 3890 198 3937 scholia
215 3890 310 3950 scripta
326 3894 392 3950 sunt,
419 3903 432 3936 e
457 3887 540 3936 codice
558 3888 612 3949 ipso
631 3889 725 3935 nullum
743 3887 850 3934 auctoris
868 3891 982 3933 notarum
999 3900 1128 3947 argumen-

104 3980 156 4022 tum
173 3975 224 4035 peti
243 3981 331 4037 potest
