2812 4710
600 321 640 331 ·-
685 284 726 352 58
769 321 811 332 ·—
1167 288 1215 346 III

188 462 263 520 Nam
285 459 488 532 Aristonicus,
518 459 569 517 ubi
592 478 697 519 revera
720 459 922 518 Aristarchum
944 459 1088 534 neglexit,
1111 458 1215 518 lectio·

188 584 255 623 nem
292 563 427 645 sequitur
465 581 552 640 quam
590 581 605 619 e
641 563 763 638 vulgata
801 581 877 641 quae
922 562 1030 621 dicitur
1067 569 1216 639 sumptam

187 687 251 726 esse
282 666 397 726 codices
429 665 523 724 nostri
553 667 763 724 demonstrant.
808 665 902 744 Atqui
933 665 1016 723 nullo
1039 665 1145 725 Iliadis
1168 665 1217 725 vel

189 769 339 847 Odysseae
361 789 413 828 ms.
445 824 461 850 u
470 761 584 845 θερμός
606 759 728 843 ἆυτμή”
754 769 886 827 offertur.
929 768 1037 846 Itaque
1068 767 1216 828 dubitatio

188 892 205 930 a
227 872 271 928 La
292 871 405 930 Rcchio
427 877 508 931 mota
530 871 688 931 evanescit.
735 873 867 948 Kaysero
891 891 925 930 eo
948 871 1092 931 libentius
1115 890 1217 929 assen-

188 975 256 1047 tior,
286 980 444 1052 postquam
473 974 647 1049 fragmentis
685 974 887 1033 commentarii
923 975 960 1032 ad
990 973 1114 1032 Iliadem
1147 993 1218 1032 con·

188 1077 290 1152 scripti
313 1077 489 1153 percensitis
512 1077 637 1152 cognovi
654 1076 856 1136 Aristonicum
879 1078 1066 1152 scriptorum,
1090 1095 1166 1154 quos
1182 1079 1217 1135 ad

187 1180 350 1239 Homerum
372 1180 627 1255 interpretandum
650 1180 780 1251 adhibet,
809 1181 930 1238 nomina
961 1199 1113 1259 nunquam
1143 1179 1217 1236 omi-

188 1284 270 1356 sisse,
292 1283 375 1342 16161
389 1282 553 1342 Hesiodum
569 1283 702 1341 nominat
724 1285 754 1339 A
772 1287 797 1352 1,
823 1283 847 1338 B
865 1283 935 1355 507,
961 1281 986 1340 Θ
1002 1287 1072 1355 455,
1099 1283 1129 1336 A
1147 1285 1215 1352 155,

191 1381 302 1459 Elia,
328 1391 388 1444 124
405 1386 462 1465 (Β),
490 1387 522 1442 Π
538 1388 596 1444 748
620 1387 670 1464 (61.
701 1388 737 1445 de
768 1387 875 1446 ceteris
905 1386 1035 1445 indicem
1066 1405 1083 1443 a
1114 1385 1217 1442 Fried-

119 1479 123 1486 ’
187 1490 327 1548 lacndero
350 1488 537 1564 confectum).
576 1488 660 1547 Unde
683 1509 743 1547 non
759 1490 878 1548 Ascraei
895 1494 1001 1566 poetae
1023 1487 1098 1547 illud
1121 1490 1218 1567 „dsp-

189 1585 245 1667 μός
268 1583 386 1668 ἄυπμή”
410 1611 474 1650 esse
497 1592 607 1650 certius
630 1591 785 1651 evincitur.
831 1593 925 1650 Immo
948 1591 1079 1650 eiusdem
1104 1590 1216 1648 ordinis

189 1700 234 1754 est
263 1701 352 1774 atque
381 1695 434 1753 illa
456 1694 605 1770 exempla,
640 1713 715 1773 quae
744 1713 783 1752 ex
812 1694 943 1754 Homero
973 1694 1069 1770 petita
1098 1693 1217 1769 saepius

188 1803 372 1874 repetuntur,
395 1798 479 1858 velut

275 1894 415 1980 “cripta
437 1896 591 1958 lilvvrcc''
621 1901 660 1977 (Β
685 1902 758 1979 135)
781 1902 817 1958 ad
842 1900 866 1955 Β
890 1899 960 1971 397,
985 1901 1021 1956 Η
1039 1905 1067 1971 6,
1093 1897 1119 1956 Θ
1146 1904 1214 1971 130,

194 2004 318 2074 11111,
345 2004 414 2075 661,
443 2004 477 2059 Ψ
499 2007 545 2077 15,
572 2009 620 2063 16.
1182 2026 1185 2035 ·

277 2098 406 2186 «κλυτὸς
436 2097 653 2182 ‘Innodoipstc”
686 2107 724 2183 (B
752 2106 827 2183 742)
863 2107 898 2163 ad
928 2107 958 2161 Σ
986 2110 1063 2174 222,
1098 2103 1123 2161 Ο
1147 2109 1219 2163 626.

278 2205 364 2288 „Arsai
387 2199 422 2283 μ’
439 2201 586 2281 11φὲ116θὲ
605 2229 636 2288 γε
652 2203 774 2277 δόντες”
790 2210 832 2287 (A
846 2209 920 2286 299)
937 2209 972 2266 ad
989 2208 1017 2263 E
1038 2211 1106 2278 156,
1126 2207 1159 2262 Π
1169 2212 1218 2266 59.

276 2313 422 2390 Exempla
445 2304 582 2392 „cappos
605 2304 728 2386 οἷυτμή”
752 2319 781 2369 61
797 2305 903 2380 κλυτός
915 2303 1112 2384 Ἱπποδάμεια
1121 2307 1136 2336 ”
1153 2331 1217 2368 cum

191 2416 268 2492 apud
298 2420 430 2474 nostrum
464 2415 638 2490 scriptorem
669 2417 770 2473 eadem
802 2415 917 2473 ratione
948 2415 1027 2472 inter
1049 2431 1082 2472 se
1104 2431 1218 2472 conexa

193 2519 253 2577 sint
275 2518 386 2597 quain
409 2518 570 2577 Aristonici
593 2517 825 2590 commentariis,
855 2516 1010 2592 probabile
1040 2516 1219 2575 6111161116-

191 2631 306 2680 nactam
328 2619 387 2678 iam
409 2620 488 2677 inter
510 2639 540 2677 se
558 2621 714 2678 coniuncta
729 2620 861 2678 hausisse
878 2638 894 2677 6
910 2618 1000 2676 simili
1016 2619 1220 2679 commentarii

192 2723 266 2796 loco,
291 2723 342 2801 qui
362 2724 397 2782 ad
421 2743 442 2794 μ
465 2727 526 2780 369
551 2723 710 2797 spectabat.

278 2846 306 2903 p.
331 2829 381 2898 34,
405 2831 433 2884 6.
477 2826 541 2882 Lex
564 2826 599 2882 de
620 2825 774 2884 Corinthia
787 2825 882 2900 figura
899 2824 954 2881 aB
978 2822 1131 2898 proposita
1154 2843 1219 2882 cum

193 2928 317 2988 Homeri
341 2929 382 2985 M
391 2932 451 2986 216
475 2929 620 2987 rationem
643 2947 703 2986 non
726 2929 841 2998 habeat,
865 2931 917 2984 aut
939 2925 1083 2984 excidisse
1106 2925 1218 3003 aliquid

193 3023 237 3107 (sd
262 3023 348 3110 ,psi')
379 3037 430 3090 aut
460 3031 591 3106 regulam
621 3030 813 3105 neglegenter
843 3029 906 3086 1Β
939 3028 1129 3103 compositam
1154 3047 1219 3086 esse

194 3135 381 3194 statuendum
405 3139 457 3192 est.
501 3134 576 3192 Nam
605 3133 773 3207 exemplum
799 3137 903 3206 postea
925 3131 1057 3188 additum
1080 3148 1144 3188 6116
1167 3149 1219 3205 pa·

193 3257 259 3296 rum
282 3237 354 3294 mihi
370 3236 531 3296 verisimile
549 3237 675 3295 videtur.
693 3268 734 3278 —
752 3235 848 3293 Verba
862 3253 921 3293 rec.
938 3238 973 3309 A,
989 3251 1065 3312 quae
1081 3233 1221 3291 omnibus

196 3459 364 3507 Aristonicum
392 3472 447 3505 cum
476 3458 512 3504 sic
542 3470 746 3504 commemorasse
776 3456 868 3514 dicunt,
892 3462 918 3500 ut
948 3454 1084 3501 Aristarchi
1113 3455 1220 3500 auctori-

193 3546 252 3593 tatis
275 3543 370 3590 ratione
396 3557 446 3588 non
470 3543 557 3590 habita
582 3536 936 3604 ί,11116111’ξει”1111111161161.
973 3538 1021 3586 Sed
1044 3540 1219 3586 1611612459

194 3631 293 3678 11111111
311 3630 343 3676 ad
361 3628 528 3676 testimonium
545 3635 661 3675 vocatum
685 3628 749 3674 hanc
767 3628 914 3686 scripturam
940 3630 1024 3685 aperte
1042 3625 1154 3672 Philetas
1178 3626 1221 3672 tri-

192 3715 260 3762 buit:
290 3711 399 3779 εἴπῃσιν]
426 3704 465 3763 ὅτι
490 3707 518 3762 τὸ
545 3711 688 3778 „stupeis”
716 3706 771 3762 ἀντὶ
796 3711 840 3760 τοῦ
864 3709 928 3761 εἴποι
946 3702 984 3761 ἄν.
1019 3703 1086 3772 ἠδὲ
1104 3702 1219 3775 α’ναφορά

193 3795 256 3863 πρὸς
275 3795 389 3861 ‘Briareia
407 3794 536 3863 γράφοντα
555 3841 568 3862 „
576 3793 700 3861 1116161611
718 3813 756 3853 τις
776 3791 841 3846 κατὰ
860 3794 929 3857 κῦμα
948 3795 1065 3859 μέλαιναν
1085 3789 1161 3860 φρῖχ’
1175 3791 1220 3845 611-

194 3882 307 3944 αλύξει”.
337 3872 410 3940 οὗτος
433 3880 482 3948 γὰρ
509 3879 546 3946 μὴ
571 3877 666 3947 νοήσας
682 3875 723 3933 ὅτι
740 3879 768 3932 τὸ
789 3875 930 3945 „dualia”
949 3877 1003 3933 ἐστὶ
1021 3876 1048 3935 τὰ
1068 3875 1221 3948 (ἐφορμῆσαι

194 3964 483 4036 111ὸὴ111111...
502 3968 555 4023 κτλ.
