2812 4710
667 1259 729 1329 Iv.

328 1448 651 1543 QUAESTIONES
679 1435 1074 1531 ONOMATOLOGAE.

272 1692 457 1766 singularem
481 1693 575 1752 locum
599 1694 678 1752 inter
699 1693 885 1773 antiquitatis
907 1693 1007 1767 libros,
1031 1696 1082 1774 qui
1105 1697 1211 1755 verbo·

192 1816 253 1854 rum
277 1796 511 1855 constructiones
537 1816 554 1854 a
576 1815 711 1855 sermone
733 1796 849 1870 vulgari
872 1797 983 1855 alienas
1015 1798 1077 1856 sive
1100 1799 1226 1874 figurae

190 1899 250 1958 eive
282 1897 447 1957 soloecismi
479 1899 597 1956 nomine
629 1904 744 1958 notatas
766 1903 895 1958 tractant
909 1898 945 1977 ¹),
976 1901 1001 1958 is
1024 1900 1142 1960 libellus
1165 1922 1211 1960 oc·

191 2007 284 2078 cupat,
315 2002 364 2081 qui
395 2001 509 2060 dicendi
534 2003 730 2078 proprietates
753 2002 840 2061 certis
863 2002 1064 2078 scriptoribus,
1096 2003 1210 2062 urbium

187 2105 299 2178 incolis,
323 2105 461 2179 gentibus
483 2105 588 2163 tribuit
620 2125 637 2162 a
659 2105 842 2164 Lesbonacte
865 2106 990 2184 quodam
1021 2106 1209 2182 compositus.

190 2209 267 2266 Hinc
289 2212 413 2283 apparet
435 2225 499 2265 esse
529 2207 654 2282 primum
678 2207 903 2286 inquirendum,
933 2208 1080 2286 quomodo
1103 2207 1209 2284 figura-

189 2330 251 2368 rum
274 2309 395 2369 nomina
417 2317 482 2369 orta
504 2311 564 2369 sint
586 2320 616 2369 et
637 2330 655 2369 a
677 2330 736 2390 quo
758 2310 889 2370 inventa.

272 2413 340 2472 Tria
363 2414 514 2472 nominum
537 2431 645 2488 genera
666 2415 742 2489 apud
767 2414 978 2473 Lesbouactem
1002 2413 1210 2488 distinguenda

190 2522 264 2588 sunt,
286 2516 413 2592 primum
437 2536 454 2573 a
469 2517 565 2592 poetis
580 2516 681 2595 lyricis
697 2516 855 2593 repetitum
871 2507 1042 2594 (Ἰβῦκειον,
1056 2518 1210 2591 Ἀλκμανι-

191 2611 252 2690 κόν,
281 2611 489 2696 Πινδαρικόν),
512 2620 637 2679 alterum
660 2619 869 2695 ascriptorum
884 2625 964 2681 certo
980 2621 1082 2680 ordine
1105 2620 1210 2697 (Περι-

191 2713 355 2799 ηγητικόν),
371 2721 490 2781 tertium
507 2723 634 2800 denique
650 2723 738 2797 longe
752 2723 881 2798 plurima
895 2723 1092 2799 complectens
1107 2742 1125 2781 a
1138 2741 1209 2797 gen-

189 2823 266 2882 tibus
288 2824 352 2884 sive
374 2824 492 2883 urbium
514 2824 628 2884 incolis.

272 2929 373 3006 Atque
405 2927 533 3001 primum
556 2928 674 3005 quidem
697 2948 812 3001 eorum,
836 2947 911 3006 quae
934 2930 969 2987 de
992 2928 1209 3006 lyricorum

257 3167 281 3229 1)
300 3166 331 3214 ct.
352 3166 486 3213 Herodian.
505 3167 535 3214 de
554 3168 639 3227 figuris
658 3169 698 3227 Sp.
719 3168 755 3213 rh.
778 3165 819 3213 Gr.
838 3168 875 3213 111
894 3170 1004 3225 85-90‚
1029 3167 1207 3214 Ps.-Plutarcb.

189 3252 217 3298 <lc
235 3253 287 3298 vita
303 3257 328 3298 et
344 3252 413 3311 poesi
430 3252 531 3299 Homeri
551 3253 716 3313 Wyttanbach
736 3254 757 3298 V
777 3255 791 3298 2
810 3268 833 3313 p.
856 3254 1030 3311 1098-1112,
1058 3253 1168 3301 rhetores
1187 3267 1206 3302 s.

190 3338 227 3398 fig.
245 3332 380 3394 ἀλλοίωσις
406 3339 444 3384 vel
472 3333 611 3402 ἐναλλαγήε
641 3339 767 3386 'l'iberium
793 3337 893 3386 Caecilii
920 3340 1064 3386 auctoritate
1090 3338 1208 3386 confisum

189 3421 238 3485 (Sp.
257 3422 296 3471 rb.
316 3421 359 3469 Gr.
377 3424 414 3469 111
432 3425 484 3483 80),
504 3425 672 3472 Alexandrum
690 3426 744 3489 (Sp.
756 3427 793 3472 111
810 3423 861 3491 93),
880 3427 1004 3473 Zonaeum
1023 3426 1074 3490 (Sp.
1089 3427 1208 3486 mlta),

189 3507 408 3556 Phoebammoucm
427 3506 479 3574 (Sp.
499 3510 537 3556 111
556 3511 608 3571 49),
628 3513 785 3570 Anonymum
802 3509 860 3572 περ)
878 3509 1049 3574 καικοιιρειιιῦκ
1069 3507 1208 3577 σχημάτων

189 3593 233 3656 τῆς
251 3597 273 3641 Α
293 3592 345 3659 (Sp.
364 3595 401 3641 111
420 3594 493 3659 149),
520 3601 643 3642 auctorem
667 3595 724 3659 περὶ
743 3595 870 3653 σολοικίας
897 3597 944 3662 (ed.
965 3597 1052 3644 Valck.
1069 3603 1126 3657 post
1151 3600 1208 3643 Am-

188 3681 292 3726 monium
317 3695 342 3740 p,
363 3679 430 3743 198),
457 3680 589 3740 Polybium
614 3677 672 3743 περ)
699 3681 874 3747 βαρβαρισμοῦ
900 3680 944 3732 καὶ
972 3679 1134 3745 σολοικισμοῦ
1160 3681 1208 3748 (ed.

189 3765 272 3814 Nauck
290 3771 348 3826 post
365 3766 460 3813 lexicon
482 3766 674 3813 vindobonense
693 3781 716 3827 p.
732 3769 800 3826 282),
818 3769 940 3829 Anonym.
960 3764 1017 3830 περ)
1032 3767 1207 3835 βαρβαρισμοῦ

189 3848 228 3901 καλ
247 3849 418 3913 σολοικισμοῦ,
443 3853 610 3900 Herodianum
635 3849 692 3915 περὶ
711 3853 879 3920 σολοικισμῶν
897 3852 941 3905 καλ
959 3854 1140 3925 βαρβαρισμῶκ
1159 3856 1207 3921 (ed.

188 3935 269 3986 Nauck
289 3939 306 3985 1.
326 3940 343 3984 l.
363 3952 387 4001 p.
407 3938 456 3985 294
475 3935 530 4000 ος.)
