2812 4710
210 257 247 318 nr
593 299 633 307 -
679 254 805 324 ct-

209 431 244 489 rcl
267 423 299 489 rai
331 426 363 489 dt
395 428 594 510 προειρημένα
617 425 792 506 καινόφωνα
814 429 954 490 δοκοῦσιν
977 431 1027 509 (L)
1053 451 1092 492 sc.
1115 431 1208 490 uobis.

210 533 293 592 tunt
314 535 505 611 posteriorem
530 554 590 593 ncn
613 535 820 608 intellexisset,
843 536 892 593 sed
916 535 1003 611 plane
1019 535 1131 594 reicere
1147 534 1211 592 nol-

207 634 361 707 latiturum
384 637 545 697 commixta
568 643 598 697 ct
619 658 758 713 perversa
781 638 874 697 edidit
896 631 985 694 τόδὲ
1008 632 1207 714 προειρημένα

208 730 360 811 ιαινόφοονα
384 738 533 799 δοκοῦντα
557 732 614 798 οὐκ
636 727 732 816 ἦλθον
755 737 797 809 εἰς
818 742 930 817 χρῆσιν.

272 862 297 918 p.
321 848 371 914 46,
396 849 423 902 5.
468 844 527 916 fiet,
552 843 588 902 of.
605 863 680 922 quae
696 843 795 902 notavi
818 844 897 919 adp.
915 848 964 916 36,
985 838 1032 921 1)2
1045 846 1082 902 Δ.

271 963 298 1019 p.
323 950 373 1019 46,
398 950 437 1003 20
462 949 497 1003 Α.
542 946 602 1019 fict,
633 948 670 1004 cf.
701 965 776 1024 quae
799 947 901 1005 notavi
925 946 960 1003 cd
983 966 1012 1022 p.
1037 951 1085 1013 42,
1111 951 1149 1002 22
1175 949 1210 1004 Α.

271 1067 297 1122 p.
321 1052 370 1120 48,
395 1054 424 1107 6.
447 1049 506 1120 fiot,
530 1049 567 1109 cf.
590 1067 665 1126 quae
688 1049 788 1107 notavi
812 1049 847 1104 ad
864 1068 892 1123 p.
911 1053 960 1122 36,
981 1044 1028 1127 1)2
1044 1051 1082 1109 Δ.
1238 1043 1239 1047 ’

269 1171 296 1226 p.
322 1156 371 1223 49,
395 1157 412 1208 3
436 1152 468 1210 Β.
514 1142 715 1230 ,ὖποταιιτικᾶ
737 1145 842 1227 μόρια’
866 1152 939 1209 tales
961 1169 1025 1210 esse
1040 1152 1207 1227 particulas,

200 1253 358 1329 quibusoam
380 1254 561 1313 coniunctivi
586 1256 700 1314 conecti
724 1254 829 1326 solent,
854 1261 883 1311 et
905 1257 933 1314 A
956 1254 1062 1312 collato
1085 1259 1209 1331 apparet

199 1359 221 1412 et
238 1356 353 1415 aliunde
376 1357 524 1420 discimus.
568 1357 666 1433 Apoll.
690 1357 778 1434 Dysc.
810 1357 887 1414 enim
918 1361 1043 1416 testetur
1073 1358 1108 1414 de
1132 1356 1207 1414 ocni.

197 1453 235 1515 ἵνα
262 1460 311 1536 (de
341 1461 428 1519 ocni..
447 1481 475 1537 p.
501 1463 570 1533 510,
595 1466 612 1516 9
637 1460 670 1518 Β.
706 1463 776 1533 243,
802 1463 837 1516 11
863 1458 980 1536 Schn.):
1012 1451 1209 1533 συνδεσμιιιόν

195 1556 238 1634 μέν
267 1548 324 1620 οὖν
353 1555 539 1639 καθεστηκός
567 1556 602 1620 τό
632 1555 853 1638 συντασσόμενα
875 1556 993 1638 ῥήματα
1015 1560 1209 1637 μετατίθησιν

194 1660 226 1734 εἰς
246 1657 281 1722 td
304 1658 472 1741 καλούμενα
495 1657 688 1737 όποταιιτικοὶ,
713 1660 822 1724 καθότι
845 1662 895 1724 καὶ
919 1657 1032 1744 ό,έολν’
1050 1661 1209 1736 ἒπιζενκτι-

193 1762 238 1838 κός
266 1769 399 1848 itemque
429 1768 652 1828 ccniuucticnes
683 1763 796 1848 ,ὅπως
826 1766 878 1827 eat
908 1759 1017 1846 ,dppa’
1049 1769 1151 1826 eadem
1181 1767 1210 1825 vi

192 1877 272 1951 atque
301 1868 382 1950 ‘dvc’
413 1872 560 1947 praeditas
592 1874 723 1931 construi
756 1872 948 1950 sequentibus
979 1871 1112 1946 exponit.
1156 1869 1212 1926 Sed

192 1993 282 2054 neque
309 1977 344 2033 de
367 1995 489 2034 numero
506 1976 615 2035 diserte
630 1976 762 2055 loquitur
778 1995 874 2054 neque
890 1994 1000 2033 nomen>
1012 2026 1018 2053 ,
1028 1965 1213 2032 rinocurura

191 2070 287 2154 μόρια’
321 2076 360 2136 iis
384 2078 500 2150 indidit,
532 2079 621 2136 immo
652 2077 813 2155 appellavit
836 2068 1071 2156 ιέπιζευιιτιιιοιλς
1093 2070 1213 2132 συνδέο-

192 2178 273 2252 μους’
299 2179 349 2256 (de
372 2185 478 2240 constr.
502 2201 532 2256 p.
557 2181 627 2252 272,
653 2186 680 2238 3.
705 2181 776 2253 275,
800 2185 849 2237 26.
874 2185 946 2251 306,
964 2185 991 2239 9.
1017 2183 1154 2238 329.12.
1178 2179 1213 2235 de

191 2283 261 2341 coni.
288 2287 360 2357 510,
389 2284 491 2360 12)1).

269 2387 345 2445 Post
367 2387 559 2462 Apollonium
589 2386 752 2444 audiendus
775 2391 820 2444 est
842 2389 945 2443 auctor
967 2389 1109 2444 tractatus
1133 2404 1212 2463 „no-

188 2489 260 2547 mino
293 2489 458 2547 Herodiani
489 2486 708 2548 commendati”
739 2488 871 2565 (Bekker
894 2488 1007 2548 Aueod.
1031 2488 1083 2546 III
1110 2488 1211 2563 1086),

189 2591 234 2668 qui
266 2586 335 2666 περὶ
365 2581 571 2648 ὖποτακτιιιῶν
594 2589 705 2669 μορίων
735 2591 924 2666 expositurus
955 2591 1109 2671 quaerenti
1132 2582 1211 2649 πόσα

189 2686 273 2772 μόρια
296 2683 518 2752 ὖποτόσσουσιν
540 2695 613 2751 haec
635 2700 802 2752 enumerat:
831 2691 892 2763 ἵνα,
916 2687 1006 2771 ὄφρα,
1030 2685 1123 2764 ὅπως,
1147 2685 1209 2763 ἑόν,

189 2787 228 2870 ἄν,
251 2787 310 2871 μή·
335 2787 478 2864 πολλάκις
501 2790 532 2853 δέ
555 2792 606 2853 καὶ
628 2787 646 2853 d
669 2787 789 2874 ‘dulae’
813 2789 896 2854 καλό
912 2792 1007 2874 ,έωςζ
1024 2787 1113 2871 ἡνίκα
1128 2791 1210 2870 έχου-

188 2913 229 2957 σιν
251 2893 372 2977 ἐτέρους
393 2895 578 2974 συνδέσμους
601 2899 696 2976 (velut
717 2898 754 2956 Il.
779 2901 807 2954 A
832 2899 898 2976 81),
921 2919 1008 2974 porro
1032 2900 1124 2957 verbe
1146 2917 1210 2956 cum

188 2993 250 3078 ιἄν’
274 3001 439 3078 composite
469 2993 536 3071 cdiv,
571 2993 626 3058 οὖν
658 2992 705 3071 dv,
729 2994 814 3071 έπιὶν,
839 2994 968 3071 ἐπειδάν,
992 2993 1074 3071 ὅταν,
1099 2993 1211 3059 ὁπόταν

187 3110 214 3164 et
234 3105 381 3181 explicat:
403 3100 454 3161 καὶ
476 3095 509 3161 τό
534 3096 607 3182 ,’μή’
631 3093 802 3173 ὖποτόσσει,
827 3096 876 3161 ὅτε
897 3100 971 3182 λέγει
993 3124 1037 3172 τις
1061 3097 1208 3181 προστάσ·

187 3221 243 3266 οων
267 3200 323 3287 ιμη
347 3199 467 3289 ἐλεήσῃς
489 3198 683 3264 ὖπεύθυνον’
712 3207 775 3264 sive
804 3227 869 3265 cum
893 3199 929 3263 cd
957 3207 1110 3282 proposito
1141 3226 1210 3265 ocn-

187 3308 335 3370 iunotum:
367 3302 420 3389 ιοὐ
454 3303 496 3385 μη
526 3306 709 3391 έκτοπίσης’.
755 3309 896 3368 Doctrina
928 3310 964 3366 de
994 3302 1035 3384 μή
1066 3309 1211 3386 particula

187 3431 247 3471 cum
271 3412 461 3473 coniunctius
485 3432 598 3471 conexa
627 3417 772 3490 quatenus
794 3433 860 3471 cum
883 3418 1016 3471 veterum
1040 3411 1210 3488 grammati·

188 3533 283 3574 corum
299 3515 457 3574 sententiis
473 3520 623 3590 congruat,
641 3534 700 3573 uon
716 3515 820 3594 liquet,
841 3536 905 3573 cum
922 3536 959 3574 ne
972 3516 998 3574 is
1014 3517 1142 3594 quidem,
1158 3516 1209 3595 qui

187 3617 299 3691 planius
316 3618 352 3676 de
372 3616 561 3677 coniunctivc
579 3618 649 3692 agit,
665 3618 763 3692 Apoll.
774 3617 862 3696 Dysc.
882 3639 935 3676 nos
952 3619 1022 3677 satis
1038 3619 1160 3676 edoceat
1170 3619 1208 3695 ²).

190 3726 389 3738 *—

253 3775 277 3830 1)
295 3771 374 3817 Prisc.
392 3771 490 3830 11195,
510 3773 557 3818 15:
582 3770 739 3818 adlunctivac
757 3778 828 3829 sunt,
855 3785 916 3829 quse
943 3771 1026 3817 verbis
1044 3770 1210 3817 subiunctivis

188 3855 360 3917 adiunguntur,
378 3860 420 3903 ut:
438 3856 468 3915 si,
487 3856 552 3915 dum,
571 3860 701 3916 quatenus,
720 3857 819 3916 quaudo
837 3853 878 3906 ἵνα
897 3854 991 3902 Graece
1010 3855 1140 3914 siguificat.

252 3939 276 4008 2)
295 3941 328 3988 cs.
347 3942 492 4001 Buttmann,
510 3943 594 4001 Apoll.
613 3943 688 4002 Dyso.
706 3958 732 4003 p.
751 3945 809 4000 266,
830 3946 859 3989 11
879 3938 941 4003 (Β),
961 3942 1016 3988 ndu.
1034 3946 1054 3988 1.

964 4023 1002 4085 5¹14
